1548 2500
92 115 166 140 ACT
186 116 226 147 11,
246 115 296 140 sc.
319 116 330 139 1
632 102 889 139 FAMVLVS
1375 106 1420 144 17

353 404 357 408 ¹
407 342 608 385 ACTVS
655 342 1033 385 11.—-SCAENA
1077 344 1095 384 I

441 455 739 496 PHAEDRIA.
800 456 1070 514 PARMENO

15 588 22 591 .,
89 552 315 607 [PHAEnmA
344 567 454 592 comes
483 559 545 592 out
571 555 620 603 qs
638 554 803 594 LAcrffls'
825 557 929 593 house
931 555 1119 605 followed
1134 556 1176 603 by
1199 553 1422 608 Rimas-Q]

91 653 176 691 PH.
209 653 354 692 Munus
383 662 555 691 nostrum
585 663 721 691 ornato
749 654 882 699 verbis,
914 653 1018 702 quod
1049 653 1212 704 poteris:
1243 662 1280 691 et
1307 653 1419 691 istum

307 719 511 763 aemulum,

90 784 208 832 Quod
236 785 390 834 poteris,
421 785 469 822 ab
498 796 543 822 ea
573 784 714 834 pellito.
772 783 849 822 PA.
881 781 1052 836 [tesn‘ly]
1083 784 1156 829 Au,

91 845 266 893 Memini,
285 852 365 885 tam
394 847 464 885 etsi
493 845 618 884 nullus
646 858 816 887 moneas.
875 845 961 884 PH.
991 846 1078 896 Ego
1109 858 1170 884 rus
1200 847 1276 891 ibo,
1305 854 1419 896 atque

304 912 356 950 ibi
383 912 559 950 manebo.

91 976 168 1016 PA.
207 976 368 1015 Censeo.
425 977 511 1014 PH.
551 973 800 1028 [returnz'ng]
841 975 927 1021 Sed,
959 975 1052 1014 heus
1090 984 1140 1014 tu.
1200 976 1277 1013 PA.
1317 976 1422 1023 Quid

305 1042 390 1080 vis?
448 1041 534 1079 PH.
566 1041 732 1080 Censen'
763 1053 874 1091 posse
905 1053 967 1078 me
998 1041 1201 1079 obfirmare
1361 1048 1423 1079 160

91 1106 254 1157 Perpeti‚
302 1118 350 1146 ne
398 1107 552 1145 redeam
604 1106 771 1145 interea?
847 1105 924 1144 PA.
975 1105 1112 1144 Tene?
1162 1117 1240 1144 non
1296 1104 1422 1143 hercle

305 1171 486 1210 arbitror:

90 1235 193 1275 Nam
222 1243 287 1274 aut
315 1236 392 1274 iam
420 1243 617 1281 revertere,
648 1244 713 1275 aut
742 1246 832 1273 mox
872 1242 987 1274 noctu
1026 1242 1060 1274 te
1099 1233 1226 1284 adiget
1264 1234 1421 1274 horsum

304 1313 510 1340 insomnia.

90 1364 175 1404 PH.
206 1365 317 1416 Opus
348 1365 498 1411 faciam,
521 1371 562 1403 ut
591 1364 777 1415 defatiger
807 1376 940 1414 usque,
964 1364 1135 1414 ingratiis
1154 1371 1195 1402 ut
1216 1364 1420 1403 dormiam.

814 1426 940 1481 [Exit
965 1429 1128 1466 lowards
1157 1429 1213 1466 the
1241 1426 1420 1481 Forum]

90 1496 167 1536 PA.
215 1495 266 1534 Di
323 1496 438 1533 boni!
497 1495 587 1545 quid
636 1495 710 1533 hoc
758 1495 882 1533 morbi
932 1493 1002 1532 'st?
1059 1493 1194 1532 adeon’
1243 1494 1420 1532 homines

305 1560 540 1598 immutarier

88 1626 148 1664 Ex
188 1637 332 1671 amore,
374 1633 415 1663 ut
454 1637 534 1663 non
575 1637 790 1674 cognoscas
830 1624 995 1663 eundem
1031 1625 1140 1662 esse?
1189 1623 1261 1662 hoc
1304 1636 1419 1661 nenio

182 1741 184 1743 ‚
303 1690 371 1728 fuit
1357 1694 1417 1735 165

89 1755 224 1794 Minus
243 1756 408 1805 ineptus,
430 1746 551 1804 magis
573 1767 724 1809 severus
745 1755 962 1804 quisquam,
981 1766 1050 1792 nec
1067 1754 1188 1803 magis
1204 1754 1419 1791 continens.

89 1826 166 1865 Sed
181 1826 265 1879 quis
280 1825 341 1864 hic
361 1832 429 1872 est,
446 1825 512 1875 qui
525 1825 599 1864 huc
616 1825 765 1875 pergit?
796 1831 899 1869 attat,
922 1824 983 1863 hic
999 1824 1155 1875 quidem
1171 1822 1216 1861 ’st
1232 1823 1419 1872 parasitus

302 1891 460 1930 Gnatho

89 1956 241 1994 Militis:
291 1955 393 1994 ducit
441 1957 572 1994 secum
619 1967 696 1993 una
742 1955 930 2004 virginem
978 1955 1083 1992 dono
1132 1953 1243 1991 huic:
1306 1950 1419 2005 [wz‘llz

305 2021 485 2059 reluctant
511 2017 767 2072 admiration]
807 2021 951 2070 papae!

90 2084 203 2124 Facie
223 2085 394 2124 honesta.
452 2085 609 2132 Mirum,
631 2086 668 2123 ni
698 2097 773 2134 ego
802 2096 863 2122 me
894 2084 1050 2134 turpiter
1081 2083 1194 2122 hodie
1223 2083 1284 2120 hic
1315 2083 1417 2121 dabo

89 2149 190 2189 Cum
228 2162 317 2188 meo
356 2150 549 2200 decrepito
586 2149 660 2188 hoc
699 2149 883 2187 ministro.
953 2148 1062 2186 Haec
1102 2154 1256 2197 superat
1294 2148 1416 2198 ipsam

302 2214 508 2254 Thaidem.
620 2212 773 2267 [illoves
803 2214 966 2252 towards
993 2212 1131 2251 Tmrs'
1162 2209 1281 2264 domn]
1355 2224 1418 2258 170

154 2292 234 2311 sano.
251 2292 314 2310 TER.
740 2292 761 2316 Β

238 2331 258 2340 ..κ

221 2360 227 2379 ὲ
248 2365 276 2380 4-1

261 2381 269 2396 ι
