1548 2500
87 71 140 97 sc.
161 71 172 96 1
624 57 880 95 FAMVLVS
1365 61 1413 95 43

88 161 291 203 Habemus
320 160 515 199 hominem
544 162 681 211 ipsum.
739 161 832 199 TH.
862 161 939 199 Vbi
969 161 1000 199 is
1029 162 1112 200 est?
1347 167 1410 206 625

841 225 921 265 PY.
952 226 1069 274 Hem,
1099 227 1145 264 ad
1177 226 1415 271 sinisteram;

90 291 254 330 Viden’?
303 292 398 331 TH.
415 292 551 332 Video.
599 291 678 330 PY.
700 291 937 342 Comprendi
953 292 1054 337 iube,
1073 298 1261 343 quantum
1277 298 1415 342 potest.

89 357 182 395 TH.
213 357 318 405 Quid
348 357 411 397 illo
441 358 637 403 faciemus,
668 357 808 396 stulta?
866 357 947 395 PY.
977 357 1084 405 Quid
1115 357 1244 404 facias,
1276 356 1416 406 rogas?

87 422 198 469 Vide,
229 424 380 469 amabo,
410 423 440 461 si
471 435 560 469 non,
590 435 710 474 quom
740 423 913 473 aspicias,
944 436 987 461 os
1017 422 1221 473 impudens

88 487 260 527 Videtur.
317 488 421 526 Turn
451 494 577 527 autem
608 501 708 539 quae
737 489 817 527 eius
847 488 1081 527 confidentia
1111 487 1180 526 'st!

578 666 834 709 SCAENA
880 668 923 708 II

347 768 620 808 CHAEREA.
678 769 860 808 THAIS.
920 768 1160 807 PYTHIAS

176 855 317 910 [Emer
346 857 538 896 CHAEREA
568 858 722 895 without
748 860 868 908 seez'ng
897 858 1024 897 Tnms
1053 872 1096 896 or
1125 855 1330 910 Pv‘ffflAs]

91 946 179 983 CH.
209 945 327 995 Apud
359 945 620 995 Antiphonem
650 952 819 996 uterque,
850 954 969 984 mater
999 953 1035 983 et
1065 953 1182 996 pater,
1350 949 1415 990 630

91 1010 212 1057 Quasi
241 1010 367 1048 dedita
396 1022 523 1060 opera,
555 1010 660 1049 domi
689 1018 795 1049 erant
811 1024 821 1058 ;
861 1019 901 1049 ut
930 1011 1034 1049 nullo
1064 1011 1183 1049 modo

90 1076 198 1114 Intro
226 1076 280 1113 ire
309 1087 474 1125 possem,
505 1075 598 1126 quin
627 1075 797 1114 viderent
826 1088 898 1114 me.
958 1076 1115 1115 Interim

92 1141 196 1179 Dum
226 1148 313 1179 ante
343 1141 481 1179 ostium
511 1148 581 1187 sto,
611 1148 645 1179 et
675 1142 734 1179 vix
765 1142 962 1180 committo
991 1142 1173 1192 virginem

92 1206 254 1245 Vetulae
284 1219 331 1244 ex
362 1206 514 1253 familia,
544 1213 658 1245 notus
686 1206 778 1244 mihi
808 1207 965 1257 quidam
996 1207 1148 1246 obviam

92 1272 218 1310 Venit.
274 1271 351 1310 Vbi
380 1272 467 1318 vidi,
495 1284 569 1321 ego
598 1285 659 1310 me
690 1273 727 1310 in
758 1273 887 1323 pedes,
918 1280 1105 1323 quantum
1135 1284 1248 1322 queo,
1354 1278 1418 1318 635

93 1337 139 1375 In
170 1337 416 1387 angiportum
446 1337 642 1387 quoddam
672 1337 887 1376 desertum:
927 1338 1015 1376 inde
1045 1339 1133 1376 item

92 1403 140 1441 In
168 1402 292 1448 aliud;
335 1402 422 1440 inde
453 1403 492 1440 in
521 1402 646 1440 aliud:
683 1403 735 1441 ita
764 1404 1001 1441 miserrimus

92 1468 162 1505 Fui
192 1467 403 1517 fugitando,
434 1479 483 1506 ne
512 1468 596 1518 quis
626 1480 688 1506 me
717 1475 980 1518 cognosceret.

95 1533 170 1571 Sed
210 1540 317 1572 estne
357 1532 452 1571 haec
493 1532 631 1579 Thai's,
670 1545 788 1583 quam
828 1533 964 1572 video?
1003 1534 1087 1583 ipsa
1126 1530 1181 1571 'st.
1239 1529 1299 1584 [in
1338 1544 1417 1569 con⁴

294 1595 465 1650 fusiora]
495 1598 664 1637 Haereo.

95 1664 199 1711 Quid
242 1663 405 1702 faciam?
444 1661 611 1716 [sleelz'ng
650 1662 828 1716 himself]
872 1663 964 1714 quid
1004 1675 1090 1701 mea
1134 1663 1291 1700 autem?
1331 1661 1424 1711 quid

178 1732 180 1734 ’
310 1729 421 1768 faciet
451 1729 572 1767 mihi?
1359 1732 1423 1774 640

95 1794 189 1832 TH.
219 1795 428 1833 Adeamus.
485 1795 595 1833 Bone
625 1796 678 1832 vir
706 1794 824 1840 Dore,
854 1794 980 1833 salve:
1022 1794 1082 1832 dic
1113 1792 1218 1838 mihi,

95 1859 353 1910 Ausugistin’?
412 1859 500 1899 CH.
531 1857 730 1912 [humbha]
763 1860 851 1906 Era,
889 1859 1043 1898 factum.
1102 1858 1196 1895 TH.
1233 1856 1351 1896 Satin'
1387 1857 1424 1895 id

311 1926 376 1963 tibi
405 1925 557 1975 placet?

96 1990 183 2029 CH.
233 1989 335 2028 Non.
397 1990 489 2028 TH.
537 1988 689 2028 Credin'
739 1998 774 2028 te
822 1990 979 2040 impune
1026 1989 1275 2027 habiturum?
1333 1989 1423 2027 CH.

313 2053 572 2108 [2'772pulsz'vely‚
610 2056 793 2106 dropping
825 2068 869 2093 on
907 2056 966 2093 lzis
1004 2052 1119 2106 ἐννέα]
1156 2054 1285 2092 Vnam
1327 2054 1426 2092 hanc

314 2122 470 2160 noxiam

98 2187 264 2234 Amitte;
303 2187 333 2225 si
363 2186 477 2226 aliam
506 2186 695 2226 admisero
726 2198 922 2237 umquam,
954 2186 1130 2225 occidito.
