1611 2543
190 67 239 103 26
691 65 730 102 P.
772 63 1021 102 TERENTI
1382 76 1455 103 Ac'r
1476 76 1518 102 111

187 167 399 206 Deducam.
461 167 535 205 Sed
565 180 700 206 eccum
731 169 901 207 militem.
959 167 1053 207 TH.
1081 167 1151 206 Est
1181 168 1274 206 istuc
1305 168 1437 206 datum

187 233 378 280 Profecto,
409 238 450 270 ut
480 240 588 282 grata
617 233 710 270 mihi
741 234 826 279 sint,
859 245 958 284 quae
988 233 1097 279 facio,
1129 234 1268 272 omnia.
1457 240 1519 281 316

188 297 277 336 GN.
307 297 467 336 Advorti
497 298 622 336 hercle
651 299 835 336 animum.
893 297 989 335 TH.
1019 297 1092 336 Vel
1126 311 1192 336 rex
1227 310 1379 350 semper
1412 311 1520 338 max-

404 375 514 401 urnas

189 428 288 466 Mihi
317 429 466 478 agebat,
497 428 681 479 quicquid
712 428 896 466 feceram:
936 428 1018 465 aliis
1049 440 1127 466 non
1157 429 1257 466 item.

189 493 279 531 GN.
311 494 460 532 Labore
490 494 616 531 alieno
643 506 790 544 magno
820 500 970 543 partam
999 493 1157 543 gloriam

187 559 326 597 Verbis
357 571 471 610 saepe
502 560 540 596 in
571 571 610 597 se
640 566 883 606 transmovet,
915 559 980 608 qui
1009 558 1123 597 habet
1153 559 1284 607 salem,
1458 575 1522 606 320

188 625 266 672 Qui
295 625 332 662 in
361 631 397 662 te
423 622 480 662 ’st.
539 623 633 662 TH.
660 624 809 662 Habes.
867 623 956 662 GN.
983 623 1067 662 Rex
1100 631 1137 662 te
1164 637 1256 674 ergo
1283 625 1321 662 in
1348 623 1523 663 oculis—

407 687 501 724 TH.
533 687 691 725 Scilicet.

187 751 276 790 GN.
309 751 480 790 Gestare.
539 752 631 789 TH.
661 752 830 790 Verum:
871 751 1025 790 credere
1055 764 1212 790 omnem
1243 753 1464 797 exercitum,

187 818 370 856 Consilia.
427 816 516 855 GN.
548 817 705 855 Mirum.
765 817 858 854 TH.
891 816 996 854 Turn
1029 818 1149 855 sicubi
1179 829 1269 856 eum
1299 818 1452 856 satietas

188 884 419 927 Hominum,
451 890 516 921 aut
546 883 676 932 negoti
707 882 895 933 siquando
923 883 1057 920 odium
1087 891 1251 933 ceperat,

190 949 448 999 Requiescere
478 949 542 985 ubi
573 948 734 993 volebat,
766 946 1100 998 quasi—nostin'?
1157 947 1246 986 GN.
1280 947 1390 986 Scio:
1457 956 1523 996 3²5

187 1015 309 1062 Quasi
330 1014 394 1052 ubi
415 1014 520 1051 illam
542 1021 745 1063 exspueret
764 1013 957 1051 miseriam
978 1026 1024 1051 ex
1046 1013 1188 1051 animo.
1247 1013 1340 1051 TH.
1361 1013 1493 1052 Tenes
1511 1028 1519 1053 ε

187 1081 292 1119 Turn
323 1092 386 1118 me
415 1079 619 1118 convivam
650 1079 773 1117 solum
804 1079 1019 1117 abducebat
1049 1079 1132 1116 sibi.
1191 1078 1279 1118 GN.
1313 1077 1418 1117 Hui!

188 1146 338 1196 Regem
369 1145 585 1194 elegantem
615 1156 756 1183 narras.
815 1144 909 1182 TH.
940 1143 1082 1193 Immo,
1112 1144 1163 1182 sic
1193 1143 1314 1183 homo
1344 1142 1412 1183 'st:

187 1211 475 1261 Perpaucorum
504 1210 718 1247 hominum.
776 1209 866 1248 GN.
897 1208 1038 1255 Immo,
1069 1209 1276 1256 nullorum,
1308 1210 1480 1256 arbitror,

189 1276 227 1314 Si
257 1284 387 1314 tecum
417 1276 514 1313 vivit.
573 1274 666 1312 TH.
698 1275 871 1312 Invidere
902 1286 1039 1312 omnes
1069 1274 1174 1321 mihi,
1458 1290 1524 1322 330

188 1339 367 1378 Mordere
405 1337 648 1383 clanculum3
696 1335 929 1390 [shruggz'ng
971 1338 1029 1375 his
1068 1335 1291 1390 shoulders]
1329 1349 1403 1388 ego
1442 1349 1523 1376 non

404 1404 517 1442 flocci
546 1402 736 1453 pendere:

186 1471 245 1508 Illi
274 1469 443 1508 invidere
472 1470 631 1507 misere:
670 1481 802 1506 verum
831 1481 931 1507 unus
960 1476 1090 1507 tamen

187 1535 378 1585 Impense,
409 1534 621 1585 elephantis
650 1546 766 1584 quem
797 1534 939 1573 Indicis
968 1534 1212 1583 praefecerat.

188 1600 226 1638 Is
264 1601 328 1637 ubi
368 1600 552 1639 molestus
594 1601 718 1648 magis
760 1608 827 1646 est,
874 1598 1071 1649 ‘quaeso,''
1114 1596 1307 1651 [shouting
1335 1596 1522 1652 fiercely.]

406 1666 576 1715 inquam,
611 1666 775 1711 ‘Strato‚

186 1733 297 1770 Eone
328 1744 368 1770 es
396 1731 515 1778 ferox,
546 1732 636 1781 quia
665 1731 786 1770 habes
814 1731 1020 1780 imperium
1052 1731 1090 1767 in
1121 1729 1301 1768 beluas?’
1459 1744 1522 1778 335

188 1798 279 1835 GN.
309 1797 582 1836 Pulcherrume
611 1797 736 1835 hercle
767 1797 923 1842 dictum,
954 1804 990 1834 et
1022 1796 1235 1845 sapienter!
1277 1808 1414 1846 papae,

188 1863 387 1912 Iugularas
415 1862 626 1900 hominem.
685 1861 792 1908 Quid
821 1861 910 1900 ille?
968 1860 1062 1898 TH.
1094 1860 1228 1898 Mutus
1258 1861 1353 1899 ilico.

188 1927 277 1966 GN.
308 1927 455 1976 Quidni
483 1929 610 1966 esset?
658 1927 736 1965 PA.
768 1925 920 1980 [asida]
950 1926 1000 1963 Di
1030 1933 1196 1965 vostram
1225 1926 1359 1964 fidem!
1399 1926 1525 1964 homi-

405 2006 494 2032 nem
525 1993 727 2044 perditum,

191 2059 481 2109 Miserumque:
531 2066 568 2097 et
614 2058 719 2096 illum
770 2058 1019 2107 sacrilegum!
1088 2056 1181 2096 TH.
1233 2056 1368 2104 Quid?
1416 2056 1523 2103 illud,

260 2164 262 2166 ,
407 2123 577 2170 Gnatho,

190 2190 281 2237 Quo
311 2198 424 2241 pacto
457 2189 653 2228 Rhodium
684 2190 873 2239 tetigerim
903 2190 940 2227 in
972 2189 1157 2234 convivio,
1460 2202 1524 2234 340
