1611 2543
186 83 235 118 36
685 80 722 116 Ρ.
762 79 1013 117 TERENTI
1388 93 1461 120 Ac‘r
1481 94 1520 119 n·

186 183 273 223 DO.
305 184 403 224 Oiei.
464 184 550 222 PH.
584 182 736 236 [asida]
758 184 845 223 Alio
867 192 982 234 pacto
1014 184 1171 223 honeste
1193 197 1271 235 quo
1291 185 1410 225 modo
1429 185 1518 223 hinc

404 251 554 295 abeam,
577 250 718 288 nescio.
1456 266 1520 298 520

184 314 387 362 Actum'st,
417 314 730 366 siquidem—Tu
751 327 813 354 me
834 315 894 354 hic
919 315 1045 361 etiam,
1074 315 1229 363 nebulo,
1251 316 1520 355 ludificabere?

456 379 606 433 [rushes
626 382 725 431 aster
746 381 834 425 Do.‚
847 382 1072 433 prelendz'ng
1091 383 1174 420 lhal
1192 382 1235 420 he
1249 383 1330 420 still
1347 380 1517 436 lingers]

185 445 266 484 PY.
298 444 528 499 [vicionshu]
559 447 814 485 Parmenonis
842 455 922 486 tam
962 448 1041 486 scio
1071 460 1155 486 esse
1185 447 1284 486 hanc
1315 448 1519 493 techinam,

397 524 515 561 quam
544 524 606 550 me
635 512 771 550 vivere.

184 576 246 615 Sic
268 584 336 615 est.
390 577 590 615 Inveniam
611 577 749 627 edepol
770 577 896 623 hodie,
918 589 1051 628 parem
1072 578 1137 616 ubi
1164 578 1324 618 referam
1340 578 1518 629 gratiam.

666 756 923 800 SCAENA
967 757 1031 798 IV

559 860 838 899 CHREMES.
897 861 1139 900 PYTHIAS

183 947 324 1003 [Emer
342 948 536 988 CHREMES
553 950 681 987 rather
705 951 799 1000 lz'psy
815 964 826 987 .·
849 950 891 988 he
911 951 988 988 does
1009 955 1072 988 nol
1088 950 1233 1000 alfirsl
1245 962 1297 987 see
1313 946 1527 1001 PYTH1A8.]·

183 1038 272 1077 CH.
305 1038 423 1084 Attat,
454 1037 543 1076 data
572 1036 699 1076 hercle
730 1037 844 1075 verba
873 1037 964 1075 mihi
995 1045 1104 1076 sunt:
1136 1037 1221 1076 vicit
1251 1036 1381 1074 vinum
1411 1035 1518 1086 quod

401 1103 493 1141 bibi.

183 1168 240 1205 Ae
284 1166 377 1204 dum
426 1167 676 1213 accubabam,
722 1178 838 1217 quam
887 1165 1043 1204 videbar
1090 1165 1181 1203 mihi
1230 1164 1386 1216 pulchre
1435 1175 1518 1203 esse

400 1232 572 1271 sobrius!
1146 1229 1149 1231 ’
1456 1245 1493 1276 52
1501 1247 1518 1277 5

184 1298 395 1349 Postquam
438 1298 595 1344 surrexi,
640 1310 766 1349 neque
815 1310 894 1347 pes,
944 1309 1069 1348 neque
1112 1308 1224 1336 mens
1271 1296 1363 1335 satis
1406 1307 1518 1334 suom

401 1363 567 1401 officium
598 1363 698 1401 facit.

184 1428 265 1467 PY.
310 1429 510 1468 Chremes.
569 1427 659 1467 CH.
708 1428 808 1476 Quis
856 1430 942 1467 est?
1002 1428 1126 1474 ehem,
1177 1427 1354 1478 Pythias:
1408 1424 1519 1479 [with

401 1495 569 1532 maudlz'n
594 1495 776 1545 affection,
797 1496 927 1544 ltyz'ng
954 1498 987 1532 lo
1012 1498 1084 1544 pul
1109 1493 1168 1531 his
1196 1506 1280 1531 arm
1314 1493 1437 1531 round
1454 1492 1519 1530 her

398 1557 540 1612 maist]
598 1559 682 1606 vah,
713 1567 860 1610 quanto
889 1571 992 1597 nunc
1023 1559 1228 1598 formosior

182 1624 324 1663 Videre
355 1625 459 1671 mihi,
482 1637 601 1675 quam
631 1625 802 1663 dudum?
863 1624 944 1662 PY.
976 1622 1173 1677 [repellzbzg
1191 1621 1302 1677 hina]
1333 1622 1447 1662 Certe
1477 1629 1517 1661 tu

400 1691 560 1741 quidem
590 1690 656 1740 pol
685 1690 805 1728 multo
835 1690 1000 1728 hilarior.

183 1756 272 1795 CH.
324 1753 512 1808 [soberz'ng
560 1754 700 1808 down]
758 1755 834 1794 Sed
882 1755 1008 1794 Tha'ss
1055 1755 1203 1794 multon
1251 1760 1338 1793 ante
1385 1753 1518 1792 venit?

401 1821 482 1859 PY.
512 1822 575 1858 An
605 1821 697 1859 abiit
726 1822 803 1859 iam
833 1833 855 1858 a
884 1821 1031 1859 milite?

184 1886 274 1925 CH.
319 1887 565 1932 Iamdudum,
620 1892 809 1925 aetatem:
868 1887 951 1925 lites
999 1886 1118 1924 factae
1166 1892 1255 1924 sunt
1301 1885 1399 1923 inter
1449 1895 1518 1922 eos

401 1964 621 1990 maxumae.
1454 1963 1518 1997 530

186 2016 266 2056 PY.
298 2016 362 2054 Nil
393 2017 498 2062 dixit,
530 2024 570 2054 tu
600 2024 641 2055 ut
671 2028 870 2067 sequerere
900 2017 1014 2055 sese?
1053 2016 1143 2055 CH.
1176 2015 1252 2064 Nil,
1283 2015 1355 2054 nisi
1384 2015 1517 2053 abiens

399 2083 451 2119 mi
482 2082 618 2119 innuit.

183 2145 264 2184 PY.
311 2146 410 2192 Eho,
459 2158 590 2183 nonne
637 2146 675 2183 id
725 2153 781 2184 sat
830 2148 934 2185 erat?
992 2145 1083 2185 CH.
1135 2147 1186 2184 At
1233 2147 1430 2186 nescibam
1478 2147 1522 2192 id,

398 2211 522 2249 dicere
552 2211 668 2257 illam,
700 2212 771 2249 nisi
802 2212 891 2262 quia
