1548 2500
87 92 140 118 sc.
162 92 189 117 11
625 79 882 117 FAMVLVS
1368 86 1417 120 29

89 183 222 221 THR.
250 184 422 234 Apparet
452 195 603 222 servum
633 184 733 221 hunc
763 196 845 222 esse
876 184 1022 222 domini
1051 185 1228 234 pauperis

89 247 309 298 Miserique.
366 247 455 285 GN.
485 247 588 286 Nam
618 248 742 286 hercle
772 260 890 286 nemo
920 255 1061 298 posset,
1093 256 1149 287 sat
1179 249 1270 294 scio,

88 313 167 360 Qui
196 313 352 351 haberet
381 314 447 363 qui
476 320 626 363 pararet
655 313 783 360 alium,
812 313 915 351 hunc
944 314 1103 363 perpeti.
1353 322 1413 360 385

87 377 167 415 PA.
197 377 303 416 Tace
332 385 383 424 tu,
414 390 530 428 quem
559 390 633 427 ego
663 390 745 416 esse
776 377 873 415 infra
903 377 1072 416 infumos
1101 390 1238 416 omnes
1267 386 1361 428 puto

87 442 305 482 Homines:
345 455 447 488 nam,
478 443 542 493 qui
571 442 658 481 huic
688 443 858 481 animum
888 444 1072 481 assentari
1101 443 1306 489 induxeris,

85 507 118 546 E
147 507 305 546 flamma
332 514 462 558 petere
491 515 526 546 te
559 508 688 546 cibum
719 520 830 557 posse
866 507 1035 546 arbitror.

86 573 217 610 THR.
256 569 502 625 [z‘mpalz'enlly
540 578 573 610 lo
613 570 773 625 Tana]
804 573 938 610 Iamne
977 573 1103 612 imus?
1162 572 1292 611 THA.
1326 573 1414 612 Hos

300 638 403 687 prius
432 638 683 684 introducam,
713 646 760 684 et,
790 650 889 687 quae
918 638 1015 681 volo.

85 699 206 737 Simul
234 699 455 750 imperabo:
497 707 609 749 poste
639 701 824 738 continuo
855 712 963 737 exeo.
1350 717 1410 748 390

422 761 549 816 [Exit
575 766 650 802 into
679 765 743 802 lzer
772 765 879 802 house
892 764 1076 814 fhllowed
1101 765 1145 815 by
1174 766 1230 802 llze
1259 763 1411 818 slaves]

84 828 217 869 THR.
255 829 342 880 Ego
378 829 468 868 hinc
507 831 625 868 abeo:
676 836 716 866 tu
756 830 875 867 istane
914 830 1100 878 opperire.
1173 831 1250 868 PA.
1294 831 1411 869 Haud

299 894 478 932 convenit

84 959 172 997 Vna
200 960 254 998 ire
283 971 371 998 cum
401 960 524 997 amica
552 960 822 1009 imperatorem
851 960 890 996 in
920 959 991 997 via.

83 1024 215 1063 THR.
249 1024 357 1072 Quid
388 1025 452 1062 tibi
483 1037 557 1074 ego
588 1024 707 1062 multa
737 1024 891 1063 dicam?
931 1024 1076 1062 domini
1108 1026 1219 1065 simiu
1249 1024 1290 1065 's.

82 1089 170 1128 GN.
202 1089 402 1128 Hahahae.
461 1089 593 1127 THR.
624 1089 728 1136 Quid
752 1089 878 1128 rides?
919 1088 1006 1127 GN.
1037 1089 1151 1136 Istuc,
1183 1092 1289 1142 quod
1319 1092 1411 1131 dixti

296 1154 428 1200 modo,

80 1219 130 1258 Et
162 1219 256 1257 illud
285 1220 332 1257 de
364 1219 518 1257 Rhodio
550 1219 693 1258 dictum
723 1231 840 1269 quom
870 1219 908 1256 in
937 1226 1108 1258 mentem
1139 1221 1252 1258 venit.
1349 1239 1409 1270 395

82 1284 158 1323 Sed
188 1284 316 1323 Thai's
346 1285 436 1322 exit.
493 1284 627 1323 THR.
660 1285 745 1328 Abi,
777 1297 880 1334 prae,
912 1297 1030 1329 curre,
1064 1292 1105 1324 ut
1134 1285 1208 1324 sint
1238 1286 1341 1325 domi

80 1349 226 1389 Parata.
285 1349 374 1388 GN.
406 1350 500 1388 Fiat.
557 1349 687 1387 THA.
719 1346 935 1401 [relurm'ng
963 1351 1042 1387 and
1056 1350 1231 1400 speaking
1253 1353 1327 1390 into
1353 1354 1411 1390 lhe

295 1412 435 1467 house]
465 1414 689 1463 Diligenter,
721 1413 888 1462 Pythias,

80 1479 156 1519 Fac
186 1492 306 1525 cures,
338 1480 369 1517 si
399 1479 583 1517 Chremes
612 1478 686 1516 hoc
717 1478 810 1516 forte
842 1478 1045 1523 advenerit,

80 1544 132 1581 Vt
161 1557 257 1590 ores,
286 1544 452 1593 primum
483 1550 524 1581 ut
552 1550 729 1581 maneat:
771 1543 801 1580 si
831 1543 870 1580 id
899 1555 979 1580 non
1009 1544 1260 1583 commodum
1291 1544 1346 1590 'st,

80 1608 133 1648 Vt
160 1609 314 1648 redeat:
354 1609 384 1647 si
413 1608 452 1646 id
481 1620 561 1646 non
590 1608 740 1659 poterit,
771 1607 819 1645 ad
848 1619 910 1645 me
941 1606 1132 1647 adducito.
1341 1626 1408 1658 400

79 1673 159 1713 PY.
189 1674 248 1712 Ita
277 1674 425 1713 faciam.
485 1673 614 1713 THA.
647 1672 778 1719 Quid?
818 1672 908 1723 quid
938 1672 1037 1711 aliud
1067 1672 1169 1713 volui
1199 1674 1351 1713 dicere?

78 1732 215 1786 Ehem,
246 1745 376 1776 curate
406 1738 517 1777 istam
545 1737 746 1787 diligenter
773 1738 982 1786 virginem:

79 1802 197 1842 Domi
239 1803 368 1842 adsitis
405 1802 528 1841 facite.
588 1801 720 1839 THR.
761 1799 940 1854 [qffering
978 1802 1039 1839 lzz's
1085 1801 1202 1855 arna]
1246 1804 1405 1843 Eamus.

294 1867 426 1907 THA.
455 1867 538 1905 Vos
566 1879 628 1905 me
658 1866 870 1917 sequimini.
1199 1865 1408 1921 [Exeunl.]
