1548 2500
78 70 130 96 sc.
152 70 179 95 11
617 57 872 94 FAMVLVS
1360 62 1408 96 45

79 161 196 200 Domi
225 161 474 210 opperiamur
504 162 641 211 potius,
671 173 787 212 quam
820 162 878 200 hic
909 169 996 200 ante
1026 163 1191 200 ostium?

78 223 288 278 [CHREMES
321 227 354 264 z's
387 239 463 264 seen
497 225 784 280 approachzbzg]
816 227 936 266 Adest
969 234 1127 278 optume
1166 228 1246 278 ipse
1286 227 1409 266 frater.

295 290 381 329 CH.
414 291 510 329 Perii
538 291 686 330 hercle:
725 292 895 339 obsecro,

78 354 275 394 Abeamus
303 356 412 402 intro,
444 356 596 394 Tha'ss:
633 357 724 396 nolo
753 370 816 396 me
846 358 885 395 in
914 359 973 396 via

79 422 179 461 Cum
219 422 290 460 hac
331 427 433 460 veste
477 421 610 461 videat.
670 422 762 461 TH.
815 423 1082 470 Quamobrem
1130 424 1311 463 tandem?
1360 437 1410 462 an

293 487 382 537 quia
410 487 555 537 pudet?
1344 496 1408 538 675

78 551 166 590 CH.
196 551 242 589 Id
270 551 405 602 ipsum.
463 551 543 590 PY.
574 552 619 590 Id
645 553 796 602 ipsum?
838 553 944 602 virgo
972 566 1073 593 vero.
1132 554 1223 594 TH.
1258 555 1275 592 I
1305 567 1407 604 prae,

294 629 444 667 sequor.

81 683 146 720 Tu
178 683 261 721 istic
290 694 416 729 mane,
446 688 487 720 ut
517 682 726 720 Chremem
757 683 990 731 introducas,
1022 684 1189 735 Pythias.

579 744 706 799 [Exit
731 749 821 787 wz'tlz
853 749 1045 788 CHAEREA
1077 753 1152 788 into
1181 751 1245 788 her
1273 749 1409 803 house]
1470 772 1471 775 =

563 957 820 1001 SCAENA
866 961 935 1001 III

268 1071 523 1111 PYTHIAS.
582 1072 859 1111 CHREMES.
919 1073 1218 1113 SOPHRONA

78 1171 219 1226 [Enter
267 1171 456 1210 CHREMES
503 1172 594 1209 202·th
644 1170 865 1217 SOPHRONA,
915 1172 996 1209 wlzo
1044 1172 1183 1211 hobbles
1217 1173 1409 1223 painsully

491 1237 656 1275 towards
685 1234 822 1274 Tmus’
852 1234 990 1289 house]

78 1335 159 1376 PY.
189 1335 306 1383 Quid,
338 1335 429 1386 quid
459 1335 587 1373 venire
616 1335 655 1372 in
684 1341 853 1373 mentem
884 1347 987 1374 nunc
1017 1336 1137 1385 possit
1167 1336 1259 1374 mihi

79 1401 288 1448 Quidnam,
318 1401 383 1451 qui
412 1399 571 1438 referam
602 1399 790 1449 sacrilego
819 1400 871 1437 illi
897 1401 1071 1450 gratiam,

78 1466 156 1514 Qui
184 1466 286 1504 hunc
316 1465 530 1515 supposivit
562 1464 701 1503 nobis?
760 1464 846 1503 CH.
878 1464 995 1503 Move
1025 1473 1061 1504 te
1091 1477 1163 1504 oro
1193 1466 1312 1513 ocius,
1343 1472 1409 1505 680

78 1531 172 1570 Mea
200 1531 338 1569 nutrix.
398 1529 476 1569 SO.
498 1527 750 1582 [querulously
769 1530 849 1568 and
868 1528 1070 1583 stoppmg]
1101 1530 1261 1569 Moveo.
1320 1531 1408 1570 CH.

293 1594 440 1642 Video3
482 1594 549 1632 sed
578 1595 630 1632 nil
660 1607 878 1644 promoves.

80 1661 160 1701 PY.
189 1661 324 1699 Iamne
354 1659 555 1698 ostendisti
585 1661 695 1709 signa
724 1660 886 1699 nutrici?
945 1660 1033 1698 CH.
1065 1660 1217 1700 Omnia.

78 1726 159 1765 PY.
178 1726 355 1771 Amabo,
385 1724 478 1775 quid
507 1725 585 1762 ait?
626 1726 904 1775 cognoscitne?
963 1725 1053 1764 CH.
1088 1726 1146 1765 Ac
1176 1727 1407 1765 memoriter.

79 1792 160 1831 PY.
191 1791 298 1829 Bene
327 1789 465 1839 edepol
495 1801 650 1836 narras‚·
690 1802 780 1828 nam
810 1791 861 1828 illi
891 1790 999 1829 faveo
1029 1791 1175 1841 virgini.

79 1858 136 1896 Ite
163 1858 289 1902 intro;
330 1853 555 1892 iamdudum
587 1867 650 1892 era
680 1867 749 1893 vos
780 1862 977 1905 exspectat
1008 1856 1126 1894 domi.
1342 1863 1406 1903 685

338 1917 549 1971 [CHREMES
576 1920 657 1956 and
682 1919 891 1960 SOPHRONA
921 1926 1058 1960 exeunt
1085 1922 1159 1959 inlo
1189 1921 1244 1959 the
1272 1920 1406 1974 houm]

80 1985 215 2024 Virum
243 1986 391 2023 bonum
418 1995 554 2021 eccum
583 1983 865 2023 Parmenonem
894 1986 1074 2024 incedere

81 2048 216 2086 Video.
273 2045 372 2084 Vide
400 2051 442 2083 ut
470 2045 614 2084 otiosus
644 2047 681 2092 it,
713 2047 743 2084 si
767 2046 824 2085 dis
853 2047 998 2097 placet!

82 2108 358 2165 [mah‘ciously]
401 2109 521 2159 Spero
555 2122 618 2148 me
652 2111 802 2158 habere,
838 2112 903 2161 qui
937 2112 1037 2150 hunc
1071 2124 1158 2150 meo
1189 2113 1407 2152 excruciem

294 2174 423 2213 modo.
