1548 2500
48 91 100 117 sc.
122 92 144 115 v
585 77 843 118 FAMVLVS
1329 85 1378 119 49

50 181 131 219 LA.
161 182 235 219 Pro
266 181 474 220 famulon'?
532 182 611 219 PA.
643 181 704 220 Sic
725 189 792 220 est.
849 182 924 221 Pro
944 182 1101 232 fugitivo
1121 182 1223 221 hunc
1244 191 1379 233 postea

49 246 337 297 Comprendere
375 247 485 294 intus,
525 253 561 286 et
599 247 874 286 constrinxere.
915 245 1064 300 [breaks
1092 246 1233 300 domm]
1296 248 1378 287 LA.

265 311 411 351 Occidi.

48 375 127 415 PA.
157 377 373 415 Audaciam
403 376 604 416 mulierum
635 383 776 426 specta.
834 376 916 414 LA.
948 376 1148 429 Numquid
1176 385 1232 417 est
1314 392 1377 427 745

48 441 163 480 Aliud
191 442 279 480 mali
309 442 496 488 damnive,
526 441 630 493 quod
658 455 737 481 non
766 442 914 489 dixeris,
1437 438 1441 440 ’

48 506 277 545 Relicuom?
325 507 403 545 PA.
425 506 597 545 Tantum
618 514 683 545 est.
732 507 813 545 LA.
836 506 957 546 Cesso
977 507 1051 546 huc
1070 507 1377 559 introrumpere?

372 569 520 625 [rushes
532 571 770 624 sranlz'cally
801 574 875 610 into
905 570 1041 611 Tnms’
1076 570 1215 625 house]

47 636 124 675 PA.
145 636 238 675 Non
258 636 415 675 dubium
430 644 498 683 est,
516 638 608 687 quin
624 637 716 674 mihi
732 650 917 688 magnum
932 650 979 675 ex
999 637 1070 675 hac
1090 650 1128 676 re
1151 638 1198 676 sit
1218 638 1379 693 malurn,

47 701 131 740 Nisi
160 702 249 753 quia
277 714 461 740 necessus
492 700 559 739 fuit
588 701 660 740 hoc
689 702 826 741 facere.
886 702 931 740 Id
960 702 1124 752 gaudeo,

48 766 207 817 Propter
234 779 296 806 me
325 767 430 806 hisce
460 766 602 818 aliquid
632 779 717 806 esse
746 774 970 806 eventurum
999 768 1112 806 mali:
1311 783 1373 817 750

46 831 150 870 Nam
180 832 321 871 iamdiu
351 833 518 883 aliquam
547 844 709 871 causam
738 835 948 884 quaerebat
977 846 1105 877 senex,

47 897 314 946 Quamobrem
343 898 492 948 insigne
523 898 663 949 aliquid
693 898 832 937 faceret
860 899 927 938 iis:
965 911 1069 937 nunc
1098 898 1273 948 repperit.

528 1074 782 1118 SCAENA
823 1075 888 1117 VI

416 1177 668 1216 PYTHIAS.
726 1177 998 1216 PARMENO

91 1264 286 1319 [Re-enter
315 1267 487 1306 PYTfflAs
515 1267 555 1304 z'n
577 1270 689 1315 great
706 1266 811 1315 glee,·
850 1266 912 1304 she
934 1265 1102 1315 pretends
1129 1270 1192 1303 nol
1217 1270 1250 1303 lo
1278 1279 1330 1303 sce

598 1328 822 1382 PARMENO.]

46 1418 127 1458 PY.
158 1419 382 1470 Numquam
402 1418 537 1468 edepol
557 1418 763 1469 quicquam
783 1417 939 1464 iamdiu,
961 1417 1066 1468 quod
1095 1417 1218 1468 magis
1238 1418 1373 1456 vellem

262 1484 421 1531 evenire,

46 1550 103 1588 Mi
122 1550 263 1596 evenit,
284 1561 400 1600 quam
421 1548 525 1600 quod
545 1549 664 1587 modo
685 1560 801 1586 senex
821 1549 920 1587 intro
939 1548 989 1586 ad
1012 1560 1084 1587 nos
1104 1549 1204 1586 venit
1233 1561 1373 1587 errans.

45 1613 178 1668 [going
197 1616 270 1653 into
290 1628 314 1652 α
323 1615 379 1665 fil
395 1615 444 1665 <ff
453 1611 657 1665 laughter.]
714 1613 811 1651 Mihi
840 1613 944 1651 solae
975 1613 1133 1652 ridiculo
1163 1613 1242 1661 fuit,
1265 1625 1375 1664 quae,

262 1679 356 1730 quid
385 1680 544 1726 timeret,
576 1679 733 1717 scibam.
1308 1691 1371 1726 755

45 1744 125 1784 PA.
157 1742 308 1797 [asida]
337 1743 443 1791 Quid
479 1744 554 1783 hoc
585 1750 714 1782 autem
744 1744 815 1781 'st?
874 1743 952 1782 PY.
983 1742 1098 1781 Nunc
1136 1743 1174 1781 id
1212 1743 1373 1794 prodeo,

259 1815 301 1847 ut
329 1809 555 1848 conveniam
585 1808 877 1847 Parmenonem.

46 1874 123 1913 Sed
150 1874 225 1921 ubi,
257 1875 429 1921 obsecro,
461 1875 533 1912 ’st?
589 1873 668 1911 PA.
689 1871 841 1925 [asida]
872 1873 937 1911 Me
968 1873 1114 1924 quaerit
1134 1873 1237 1911 haec.
1294 1871 1374 1910 PY.

260 1939 386 1990 Atque
415 1951 550 1977 eccum
579 1939 712 1977 video:
754 1938 880 1977 adibo.
912 1936 1046 1991 [again
1074 1935 1287 1990 laughz'ng.]

45 2003 126 2044 PA.
156 2003 260 2052 Quid
289 2010 356 2051 est,
385 2004 542 2055 inepta?
582 2004 673 2055 quid
701 2003 769 2042 tibi
796 2004 876 2042 vis?
915 2004 1007 2055 quid
1035 2003 1161 2042 rides?
1199 2001 1373 2054 pergin'?

260 2068 340 2107 PY.
370 2069 491 2109 Perii:
532 2067 701 2122 [holding
730 2069 810 2106 bollz
838 2070 904 2107 her
931 2067 1057 2121 sides]

45 2133 208 2173 Defessa
235 2133 311 2172 iam
341 2147 427 2173 sum
456 2135 597 2174 misera
625 2142 661 2173 te
690 2134 861 2174 ridendo.
920 2135 1000 2174 PA.
1030 2134 1135 2181 Quid
1160 2135 1236 2173 ita?
1293 2132 1374 2172 PY.

261 2198 449 2251 Rogitas?

706 2278 731 2303 n
