1548 2500
101 113 151 140 sc.
174 114 201 139 11
634 100 891 138 FAMVLVS
1380 105 1425 144 15

100 204 226 256 Egon'
256 205 466 256 quicquam
497 216 586 243 cum
616 204 693 242 istis
724 203 832 242 factis
861 205 926 242 tibi
957 204 1237 253 respondeam?

100 271 178 308 PA.
219 269 274 323 [to
313 270 383 309 Pu.
422 267 552 322 alone]
593 270 651 307 Eu
692 272 843 308 noster!
883 268 1010 308 laudo.
1071 268 1250 307 Tandem
1291 269 1426 319 perdo-

314 335 403 373 luit:
443 335 495 373 vir
523 347 573 373 es.

99 399 185 440 PH.
215 400 266 439 At
295 401 375 451 ego
400 401 606 447 nescibam,
636 412 823 451 quorsum
852 407 893 438 tu
922 400 1004 438 ires.
1063 399 1249 439 ‘Parvola
1367 416 1426 448 105

99 466 205 504 Hinc
232 472 289 505 est
318 466 496 517 abrepta:
535 466 667 504 eduxit
696 473 816 504 mater
846 478 916 516 pro
946 478 1035 504 sua:

99 531 218 570 Soror
247 530 347 569 dicta
375 531 441 570 'stz
480 531 594 581 cupio
623 531 823 577 abducere,
853 537 894 568 ut
923 531 1080 569 reddam
1111 531 1231 569 suis’:

98 596 252 647 Nempe
281 596 412 635 omnia
440 596 533 634 haec
563 609 664 635 nunc
694 597 809 635 verba
837 596 910 634 huc
939 596 1100 634 redeunt
1130 597 1317 646 denique:

97 662 183 712 Ego
212 661 405 707 excludor,
435 661 495 699 ille
526 662 715 711 recipitur.
773 660 862 709 Qua
891 661 1037 711 gratia?

98 726 181 764 Nisi
201 727 231 764 si
250 726 353 764 illum
373 726 457 776 plus
478 739 595 777 quam
616 739 679 764 me
699 739 820 773 amas,
841 733 878 764 et
898 727 1010 764 istam
1032 738 1135 765 nunc
1156 727 1278 772 times,
1368 742 1427 764 110

97 792 209 839 Quae
238 791 396 830 advecta
424 789 481 838 ’,st
512 804 561 830 ne
591 792 695 830 illum
725 792 839 830 talem
869 792 1074 842 praeripiat
1103 792 1183 830 tibi.

100 855 193 894 TH.
224 854 544 909 [reproachficlly]
574 856 661 907 Ego
691 857 729 894 id
762 857 911 895 timeo?
969 856 1053 894 PH.
1085 854 1289 910 [sharply]
1321 838 1426 903 Quid

313 930 347 960 te
376 934 469 972 ergo
498 923 600 961 aliud
629 923 814 968 sollicitat,
844 922 967 960 cedo?

97 988 204 1025 Num
233 987 337 1026 solus
366 987 425 1025 ille
455 986 558 1026 dona
587 988 677 1026 dat?
734 987 913 1025 Nuncubi
943 999 1069 1025 meam

98 1052 380 1102 Benignitatem
410 1052 560 1091 sensisti
591 1053 628 1090 in
659 1061 693 1091 te
723 1052 914 1091 claudier?

98 1117 251 1164 Nonne,
281 1117 345 1155 ubi
375 1117 427 1154 mi
457 1117 551 1156 dixti
580 1130 715 1168 cupere
746 1125 782 1156 te
812 1131 859 1155 ex
888 1117 1091 1167 Aethiopia
1370 1133 1425 1164 [15

96 1183 336 1228 Ancillulam,
367 1182 503 1221 relictis
534 1183 644 1220 rebus
674 1183 853 1221 omnibus

97 1247 303 1295 Quaesivi?
341 1247 462 1286 Porro
485 1247 667 1286 famulum
697 1248 790 1286 dixti
821 1247 913 1286 velle
944 1256 991 1293 te,

98 1313 202 1360 Quia
230 1312 332 1352 solae
361 1320 517 1351 utuntur
546 1313 604 1352 his
632 1314 809 1364 reginae:
849 1313 1005 1363 repperi.

98 1377 194 1417 Heri
223 1379 349 1416 minas
377 1379 506 1428 viginti
535 1390 606 1428 pro
635 1379 826 1417 ambobus
855 1379 965 1416 dedi:

95 1443 250 1482 Tamen
277 1450 517 1493 contemptus
546 1444 615 1482 abs
644 1450 679 1481 te
708 1444 803 1482 haec
833 1443 947 1481 habui
978 1444 1015 1480 in
1044 1444 1242 1481 memoria.
1366 1460 1426 1482 120

96 1508 160 1548 Ob
188 1508 283 1548 haec
312 1509 411 1547 facta
439 1510 507 1547 abs
537 1515 573 1546 te
602 1520 772 1559 spernor.
832 1507 923 1545 TH.
959 1507 1064 1555 Quid
1090 1508 1186 1553 istic,
1210 1507 1425 1547 Phaedria?

95 1573 346 1624 Quamquam
375 1573 477 1611 illam
507 1574 619 1623 cupio
648 1573 849 1620 abducere,
880 1580 994 1624 atque
1024 1573 1093 1610 hac
1122 1585 1161 1611 re
1191 1573 1353 1611 arbitror

96 1637 142 1676 Id
169 1638 250 1677 fieri
279 1650 391 1688 posse
421 1651 624 1686 maxume3
668 1646 943 1685 verumtamen,

97 1702 229 1742 Potius
256 1716 375 1754 quam
403 1710 441 1741 te
469 1704 667 1743 inimicum
695 1703 873 1750 habeam,
903 1703 1038 1741 faciam
1068 1709 1107 1741 ut
1137 1703 1300 1741 iusseris.

97 1768 182 1807 PH.
214 1766 403 1821 [showing
430 1767 536 1819 signs
565 1766 824 1821 cgfyz'eldz'ng]
853 1768 1013 1807 Vtinam
1051 1769 1147 1806 istuc
1182 1768 1339 1806 verbum
1378 1782 1424 1807 ex

311 1833 441 1871 animo
470 1846 514 1871 ac
544 1846 629 1871 vere
659 1834 814 1879 diceres,
1364 1848 1425 1880 125

97 1898 250 1937 ‘Potius
278 1911 396 1949 quam
426 1906 461 1936 te
491 1899 686 1937 inimicum
716 1896 927 1936 habeam'l
957 1898 987 1936 si
1016 1899 1110 1937 istuc
1140 1898 1333 1937 crederem

97 1963 251 2002 Sincere
279 1963 365 2009 dici,
395 1952 546 2013 quidvis*
571 1976 725 2013 possem
753 1964 911 2013 perpeti.

96 2028 175 2066 PA.
205 2027 397 2073 Labascit,
428 2029 546 2066 victus
575 2040 653 2066 uno
683 2029 812 2074 verbo,
842 2040 959 2078 quam
988 2028 1083 2066 cito!

96 2091 189 2130 TH.
218 2093 305 2142 Ego
334 2105 412 2131 non
440 2105 488 2130 ex
517 2094 648 2132 animo
677 2094 816 2131 misera
845 2093 957 2131 dico?
988 2105 1105 2143 quam
1135 2093 1221 2131 ioco

96 2157 196 2195 Rem
226 2156 374 2196 voluisti
403 2169 426 2195 a
455 2169 518 2196 me
547 2158 718 2205 tandem,
749 2159 841 2208 quin
878 2157 1104 2208 perfeceris?
1364 2173 1425 2204 130

95 2221 181 2271 Ego
210 2222 413 2272 impetrare
443 2234 594 2273 nequeo
623 2223 695 2261 hoc
726 2224 794 2261 abs
823 2230 871 2269 te,
902 2223 1059 2260 biduom
