1548 2500
92 99 144 125 sc.
167 99 213 125 111‘
633 86 890 124 FAMVLVS
1375 92 1422 147 25

92 192 188 240 Age,
228 202 360 229 eamus
400 192 498 229 intro
531 192 734 229 nunciam:
777 202 872 228 orna
902 202 974 237 me,
1009 190 1144 235 abduc,
1182 190 1268 237 duc,
1303 202 1424 241 quan-

304 261 385 292 tum
414 261 551 304 potest.

97 317 177 356 PA.
213 318 320 365 Quid
353 321 462 369 agis?
501 321 657 359 iocabar
690 321 882 370 equidem.
939 320 1028 359 CH.
1069 320 1212 360 Garris.
1270 318 1426 373 [pushes

306 384 498 424 PARMENO
517 386 681 423 towards
704 386 761 423 the
788 383 928 438 house]
984 385 1062 423 PA.
1094 385 1193 424 Perii
1206 399 1216 433 ;
1238 386 1330 436 quid
1349 398 1424 436 ego

304 450 365 500 egi
392 449 527 489 miser!

92 513 184 560 Quo
223 514 369 553 trudis?
407 515 614 564 perculeris
660 515 735 553 iarn
779 522 818 553 tu
859 527 943 553 me:
983 515 1051 552 tibi
1097 515 1278 566 equidem
1326 516 1422 562 dico,

305 591 431 618 mane.
1356 596 1420 628 305

90 641 178 681 CH.
208 642 367 682 Eamus.
425 644 506 682 PA.
537 644 715 694 Pergin'?
772 645 859 684 CH.
892 644 1051 695 Certum
1081 646 1137 683 'st.
1196 645 1276 683 PA.
1310 645 1423 692 Vide,

305 721 353 746 ne
383 709 545 747 nimium
576 710 742 748 calidum
770 710 844 749 hoc
875 711 922 748 sit
951 709 1080 748 modo.

89 772 177 811 CH.
208 772 300 812 Non
330 780 386 812 est
419 774 613 824 profecto:
655 776 747 813 sine.
808 775 886 812 PA.
917 775 967 812 At
998 776 1100 813 enim
1136 776 1252 814 istaec
1288 776 1325 812 in
1361 788 1422 814 me

305 839 465 878 cudetur
494 839 592 878 faba.
650 841 739 879 CH.
770 840 853 878 Ah!

93 904 170 941 PA.
204 901 312 956 [slow
339 906 420 942 and
445 904 657 959 reluctant]
688 905 793 952 Quid
824 906 933 944 istic?
971 907 1000 943 si
1031 912 1175 944 certum
1207 905 1252 944 'st
1284 906 1420 953 facere,

303 969 440 1008 facias:
482 983 615 1009 verum
646 984 693 1009 ne
722 979 809 1021 post
840 971 1016 1009 conferas

88 1033 253 1084 Culpam
287 1035 326 1072 in
366 1047 440 1073 me.
500 1036 587 1074 CH.
631 1036 722 1074 Non
757 1036 904 1075 faciam.
964 1037 1041 1074 PA.
1080 1036 1273 1075 Iubesne?
1331 1036 1420 1075 CH.

304 1100 490 1139 Iubeam?
530 1101 650 1151 Cogo,
682 1109 795 1151 atque
825 1102 996 1151 impero:

90 1163 316 1215 Numquam
346 1166 540 1216 defugiam
570 1167 843 1205 auctoritatem.
902 1161 1083 1216 Sequere.
1142 1166 1219 1204 PA.
1256 1166 1305 1203 Di
1339 1179 1421 1205 vor-

304 1237 385 1269 tant
415 1232 524 1270 bene.
1357 1248 1423 1279 310

196 1294 319 1348 [They
343 1310 394 1346 go
424 1300 498 1335 into
527 1299 583 1336 the
613 1299 728 1344 house,
757 1297 948 1336 CHAEREA
980 1300 1017 1334 z'n
1046 1297 1252 1335 exuberant
1278 1299 1420 1347 spirits,

683 1362 876 1401 PARMENO
907 1362 1109 1400 somewhat
1131 1361 1422 1415 apprehenswe]

392 1546 598 1590 ACTVS
643 1548 1049 1591 III.—SCAENA
1094 1549 1112 1589 Ι

315 1647 556 1689 THRASO.
614 1650 868 1689 GNATHO.
927 1649 1197 1689 PARMENO

175 1732 177 1734 ’
256 1735 399 1790 [Emer
427 1737 593 1777 THRAso
623 1740 702 1776 and
727 1739 900 1777 GNA‘rflo
913 1740 1026 1789 from
1057 1737 1256 1792 Piraeus]

85 1823 177 1862 TH.
225 1822 335 1876 [with
370 1832 546 1875 pompous
585 1824 753 1878 delzjglzt]
794 1826 960 1874 Magnas
1001 1839 1089 1864 vero
1131 1839 1241 1876 agere
1280 1827 1421 1876 gratias

304 1890 428 1928 Thai's
457 1891 576 1928 mihi?

85 1953 176 1992 GN.
218 1954 411 2005 Ingentes.
469 1951 562 1993 TH.
603 1956 692 1993 Ain'
733 1962 784 2002 tu,
827 1956 923 1994 laeta
957 1955 1027 1994 'st?
1085 1955 1174 1994 GN.
1214 1956 1305 1995 Non
1340 1964 1418 1995 tam

303 2021 387 2071 ipso
416 2021 573 2071 quidem

86 2084 214 2132 Dono,
244 2097 361 2136 quam
391 2087 460 2124 abs
489 2093 524 2124 te
555 2086 687 2124 datum
717 2098 822 2133 esse3
863 2087 900 2124 id
930 2099 1019 2125 vero
1050 2087 1148 2125 serio

86 2150 340 2201 Triumphat.
398 2151 478 2189 PA.
503 2149 640 2204 [enters
652 2153 762 2202 from
789 2150 958 2191 LACHFs'
984 2150 1125 2205 houm]
1150 2152 1239 2191 Hoc
1264 2153 1418 2203 proviso

300 2223 352 2263 ut,
384 2217 447 2254 ubi
477 2225 630 2266 tempus
659 2218 739 2263 siet,
