1611 2543
159 114 206 149 12
653 114 692 151 P.
732 113 984 152 TERENTI
1383 127 1458 154 Aer
1478 125 1491 151 1

154 214 204 251 Et
232 214 336 264 quod
367 227 469 254 nunc
499 222 576 253 tute
606 222 732 254 tecum
763 217 880 254 iratus
910 217 1067 267 cogitas,

155 283 163 298 ‘
177 280 313 330 Egone
335 279 463 318 illam?
494 292 591 331 quae
611 281 744 319 illum?
769 293 866 332 quae
887 282 976 319 me?
1001 294 1100 332 quae
1122 283 1229 321 non?
1255 283 1334 321 sine
1355 283 1484 330 modo,

157 343 259 383 Mori
289 357 350 383 me
380 345 534 383 malim:
572 346 706 384 sentiet
735 347 799 396 qui
829 347 881 384 vir
911 346 1050 384 siem':
1452 363 1489 385 21

157 409 268 448 Haec
297 411 410 448 verba
439 410 500 448 illa
530 422 607 448 una
637 410 825 449 mehercle
856 410 951 449 falsa
978 410 1203 457 lacrumula‚

156 474 287 522 Quam
316 475 451 514 oculos
480 476 638 514 terendo
667 476 803 514 misere
833 477 894 513 vix
924 476 957 513 vi
989 478 1227 526 expresserit,

157 541 406 591 Restinguet3
441 547 478 578 et
508 548 543 579 te
573 540 672 579 ultro
702 542 923 579 accusabit:
962 549 1000 580 et
1029 541 1138 580 dabis

156 606 266 644 Vltro
295 606 328 643 ei
358 606 597 655 supplicium.
647 606 734 646 PH.
767 606 803 645 O
834 606 1035 657 indignum
1064 607 1234 646 facinus!
1274 620 1376 647 nunc
1417 620 1492 658 ego

156 671 204 708 Et
234 670 336 708 illam
367 670 567 709 scelestam
596 683 691 717 esse,
722 677 759 708 et
788 683 849 709 me
879 672 1062 710 miserum
1091 673 1235 711 sentio:
1451 679 1492 711 26

156 737 205 774 Et
234 736 382 775 taedet:
424 744 460 774 et
491 749 621 775 amore
651 737 790 775 ardeo:
831 744 868 775 et
898 738 1079 788 prudens,
1111 738 1246 784 sciens,

156 801 288 847 Vivus,
320 801 540 852 vidensque,
572 814 709 852 pereo:
750 815 831 843 nec,
862 803 954 853 quid
984 816 1110 853 agam,
1142 804 1232 842 scio.

158 868 236 906 PA.
269 867 374 915 Quid
404 870 525 916 agas?
564 868 634 906 nisi
665 874 706 905 ut
735 875 770 906 te
800 868 964 906 redimas
993 876 1148 918 captum
1178 881 1296 919 quam
1326 881 1444 920 queas

159 933 350 971 Minimo:
391 933 420 969 si
451 945 619 983 nequeas
649 933 818 983 paululo,
850 941 887 971 at
916 934 1048 984 quanti
1079 946 1219 984 queas:
1449 949 1494 982 30
1521 959 1523 962 ι

157 999 207 1035 Et
238 1011 285 1035 ne
316 1005 350 1036 te
381 998 561 1036 adflictes.
599 998 706 1051 ‚PH
738 998 846 1037 Itane
876 1000 1039 1037 suades?
1096 999 1176 1037 PA.
1208 999 1246 1037 Si
1277 1001 1401 1050 sapis:

160 1063 310 1114 Neque,
341 1071 606 1114 praeterquam
637 1076 734 1114 quas
764 1066 843 1115 ipse
874 1077 984 1103 amor
1013 1065 1207 1104 molestias

160 1130 301 1175 Habet,
332 1129 472 1168 addas:
508 1137 544 1167 et
573 1129 664 1176 illas,
696 1142 793 1179 quas
823 1130 948 1176 habet,
980 1137 1079 1168 recte
1109 1130 1217 1168 feras.

405 1193 486 1247 [He
505 1197 645 1233 calches
664 1197 766 1246 sight
782 1196 829 1245 (pf
840 1195 967 1234 Tum
987 1197 1132 1246 coming
1136 1196 1249 1246 from
1270 1196 1336 1233 lter
1355 1193 1492 1248 house]

160 1261 236 1299 Sed
265 1273 399 1299 eccam
429 1262 511 1311 ipsa
541 1261 741 1311 egreditur,
773 1262 891 1300 nostri
923 1261 1028 1300 fundi
1059 1261 1277 1310 calamitas3

23 1319 27 1323 ’
86 1359 91 1363 .
160 1326 262 1365 Nam
293 1327 398 1377 quod
429 1339 499 1365 nos
529 1339 665 1376 capere
694 1334 855 1376 oportet,
887 1327 981 1365 haec
1012 1328 1212 1377 intercipit.
1453 1342 1493 1374 35

655 1461 911 1504 SCAENA
958 1463 1001 1503 II

394 1564 576 1602 THAIS.
638 1564 933 1602 PHAEDRIA.
992 1563 1264 1602 PARMENO

161 1653 253 1690 TH.
287 1651 344 1705 [in
364 1666 457 1691 some
477 1651 656 1706 dz'slress]
684 1651 867 1691 Miseram
893 1654 976 1690 me!
1007 1664 1140 1690 vereor
1160 1664 1208 1689 ne
1229 1650 1319 1689 illud
1345 1651 1496 1701 gravius

378 1718 565 1756 Phaedria

162 1783 334 1831 Tulerit;
368 1796 460 1821 neve
491 1784 685 1831 aliorsum,
717 1791 831 1833 atque
860 1795 934 1833 ego
965 1783 1047 1829 feci,
1078 1782 1277 1832 acceperit,

161 1849 280 1896 Quod
311 1849 390 1887 heri
418 1849 658 1887 intromissus
693 1860 773 1887 non
806 1856 873 1887 est.
932 1847 1020 1886 PH.
1055 1846 1112 1900 [in
1141 1852 1254 1897 great
1280 1845 1495 1900 agitatam]

380 1914 515 1961 Totus,
546 1914 748 1960 Parmeno,

162 1980 309 2018 Tremo
329 1979 559 2030 horreoque,
582 1987 788 2030 postquam
809 1980 941 2029 aspexi
963 1979 1073 2017 hanc.
1131 1978 1210 2017 PA.
1231 1978 1344 2017 Bono
1363 1978 1496 2017 animo

375 2057 434 2083 es:

161 2111 314 2150 Accede
344 2111 392 2148 ad
422 2112 551 2161 ignem
580 2110 696 2157 hunc,
728 2111 803 2148 iam
834 2110 1001 2148 calesces
1030 2109 1116 2160 plus
1145 2109 1248 2148 satis.
1449 2123 1493 2155 40

161 2177 252 2215 TH.
285 2174 484 2229 [sstrm'ng
523 2177 602 2213 and
633 2177 752 2226 secz'ng
791 2173 1027 2227 PHAEDRIA.]
1068 2175 1166 2222 Quis
1205 2175 1264 2213 hic
1303 2173 1494 2225 loquitur?

376 2243 498 2288 ehem,
530 2242 609 2280 tun*
641 2242 700 2281 hic
731 2255 825 2288 eras,
858 2243 909 2280 mi
940 2241 1155 2280 Phaedria?
