1611 2543
166 91 216 126 22
667 88 707 126 P.
747 87 996 126 TERENTI
1386 100 1458 126 Ac‘r
1479 100 1507 126 11

165 193 227 231 Sic
258 193 356 232 adeo
385 193 502 243 digna
533 205 592 232 res
621 200 678 232 est
710 193 775 231 ubi
806 200 845 231 tu
876 205 1013 232 nervos
1043 193 1221 232 intendas
1252 201 1350 231 tuOS.
1444 209 1506 240 240

167 259 286 298 Haud
320 259 451 297 similis
486 259 594 309 virgo
628 258 674 297 ’st
712 259 901 309 virginum
940 265 1182 306 nostrarum;
1226 271 1323 310 quas
1361 264 1505 297 matres

386 324 540 363 student

166 390 356 428 Demissis
385 390 527 428 umeris
557 402 654 435 esse,
685 390 814 428 vincto
843 396 1010 439 pectore,
1041 396 1083 427 ut
1113 390 1279 439 gracilae
1308 389 1429 428 sient:

167 456 303 506 Itaque
336 468 430 505 ergo
466 462 657 493 amantur.
715 455 794 492 PA.
829 455 936 502 Quid
972 462 1039 493 tua
1071 456 1214 493 istaec?
1271 454 1360 493 CH.
1394 454 1506 493 Nova

384 521 505 570 figura
519 521 606 559 oris.
666 520 745 558 PA.
760 517 1039 572 [wilhsezgrned
1049 517 1341 573 astonishment]
1355 520 1482 570 Papae
1496 522 1505 558 1

166 587 254 625 CH.
286 586 404 625 Color
432 598 552 633 verus,
578 598 719 636 corpus
743 586 909 623 solidum
940 593 977 624 et
1005 587 1105 624 bene
1129 593 1364 624 concretum.
1421 585 1501 623 PA.

385 652 515 689 Anni?
573 651 662 690 CH.
692 651 822 690 Anni?
863 651 1042 690 sedecim.

167 718 245 755 PA.
277 717 367 756 Flos
397 717 514 767 ipsus.
574 716 661 755 CH.
696 715 833 755 Hance
863 724 903 754 tu
934 717 1026 754 mihi
1057 717 1114 755 vel
1145 717 1189 762 vi,
1220 717 1277 755 vel
1307 717 1418 762 clam,
1448 715 1506 754 vel

383 785 568 832 precario,
1441 797 1504 829 245

167 849 243 887 Fac
273 848 425 886 tradas:
466 860 553 886 mea
584 848 635 885 nil
666 847 789 894 refert,
821 847 913 884 dum
944 859 1031 885 mea
1061 847 1108 885 sit
1137 847 1267 885 modo.

169 914 245 951 PA.
277 913 394 961 Quid,
419 914 525 963 virgo
550 914 635 951 cuia
662 913 732 951 ’st?
789 912 878 951 CH.
911 912 1057 950 Nescio
1087 912 1225 950 hercle.
1283 911 1361 950 PA.
1392 911 1506 949 Vnde

385 978 456 1016 ’st?
513 978 602 1017 CH.
635 977 898 1017 Tantundem.
957 978 1033 1016 PA.
1066 977 1142 1016 Vbi
1171 978 1341 1016 habitat?

167 1044 256 1083 CH.
288 1043 349 1082 Ne
379 1045 415 1082 id
446 1044 615 1094 quidem.
674 1044 752 1081 PA.
784 1044 861 1081 Vbi
892 1043 1041 1082 vidisti?
1100 1043 1188 1082 CH.
1221 1044 1266 1081 In
1296 1044 1366 1082 via.
1426 1043 1504 1081 PA.

385 1109 475 1156 Qua
506 1122 593 1147 eam
622 1110 769 1148 ratione
799 1110 950 1147 amisti?

169 1175 260 1214 CH.
290 1175 335 1213 Id
364 1175 546 1225 equidem
577 1175 783 1213 adveniens
813 1187 965 1213 mecum
997 1175 1267 1213 stomachabar
1296 1175 1437 1213 modo:

168 1241 306 1292 Neque
341 1253 579 1291 quemquam
610 1253 684 1290 ego
721 1241 918 1279 hominem
953 1252 1036 1278 esse
1071 1241 1241 1287 arbitror,
1282 1241 1343 1278 cui
1382 1241 1507 1290 magis

385 1308 511 1345 bonae
1442 1321 1507 1352 250

168 1372 383 1411 Felicitates
413 1384 549 1410 omnes
578 1371 758 1410 adversae
790 1372 900 1410 sient.

167 1438 247 1476 PA.
278 1438 385 1485 Quid
409 1438 482 1476 hoc
508 1444 565 1475 est
589 1437 770 1476 sceleris?
829 1436 917 1475 CH.
952 1436 1062 1474 Perii.
1119 1436 1198 1474 PA.
1230 1436 1335 1484 Quid
1365 1436 1505 1475 factum

385 1503 456 1541 'st?
514 1502 603 1541 CH.
635 1502 799 1552 Rogas?

167 1569 290 1607 Patris
319 1577 527 1619 cognatum
558 1575 677 1618 atque
706 1568 907 1618 aequalem
940 1566 1255 1605 Archidemidem

168 1634 356 1673 Nostine?
413 1634 493 1672 PA.
524 1633 698 1681 Quidni?
757 1632 846 1670 CH.
878 1634 927 1679 Is,
959 1633 1052 1670 dum
1077 1633 1175 1671 hanc
1200 1645 1352 1684 sequor,
1384 1633 1423 1671 fit
1453 1633 1506 1670 mi

386 1700 551 1739 obviam.

171 1767 250 1805 PA.
282 1765 537 1803 Incommode
562 1765 700 1803 hercle.
760 1763 852 1802 CH.
885 1764 1012 1802 Immo
1037 1764 1140 1801 enim
1166 1776 1255 1803 vero
1281 1764 1506 1803 infeliciter:

170 1833 274 1870 Nam
304 1830 554 1869 incommoda
583 1830 655 1868 alia
686 1837 773 1868 sunt
803 1829 976 1875 dicenda,
1007 1828 1212 1867 Parmeno.
1442 1834 1506 1877 25⁶

170 1898 283 1936 Illum
313 1897 431 1947 liquet
462 1896 554 1934 mihi
583 1896 751 1934 deierare
782 1895 840 1932 his
869 1895 1067 1933 mensibus

172 1964 246 2001 Sex
278 1970 427 2012 septem
456 1973 613 2012 prorsus
644 1973 723 1999 non
753 1960 890 1998 vidisse
919 1959 1130 2010 proxumis,

171 2029 254 2067 Nisi
286 2040 401 2074 nunc,
432 2040 521 2066 cum
552 2027 722 2064 minume
753 2025 901 2072 vellem,
932 2026 1182 2075 minumeque
1213 2037 1311 2075 opus
1343 2025 1419 2063 fuit.

170 2095 270 2140 Eho,
303 2105 433 2131 nonne
463 2093 535 2130 hoc
565 2093 726 2130 monstri
756 2091 876 2129 simile
908 2092 979 2129 'st?
1018 2091 1109 2140 quid
1140 2091 1222 2128 ais?
1283 2091 1361 2128 PA.
1392 2090 1504 2128 Max-

387 2170 487 2196 ume.
1441 2160 1506 2193 260

170 2225 258 2262 CH.
290 2223 488 2262 Continuo
517 2224 680 2262 accurrit
709 2222 758 2261 ad
790 2235 863 2268 me,
895 2233 1011 2272 quam
1042 2221 1156 2271 longe
1186 2221 1354 2271 quidem,
