1548 2500
86 85 138 111 sc.
157 87 194 111 vr
623 71 879 110 FAMVLVS
1364 73 1408 108 41

87 173 187 214 Scin'
227 181 277 225 tu,
319 182 359 213 ut
396 175 463 213 tibi
501 187 560 213 res
599 187 639 213 se
667 175 834 213 habeat?
881 175 912 212 si
955 174 1163 225 quicquam
1205 173 1318 212 hodie
1350 174 1412 212 hic

301 241 434 278 turbae
464 240 648 289 coeperis,
1350 255 1413 287 590

86 303 254 351 Faciam,
284 311 324 343 ut
354 305 464 343 huius
495 304 577 351 loci,
607 304 768 355 dieique,
801 305 952 355 meique
982 317 1134 355 semper
1163 304 1393 342 memineris.

83 368 174 407 GN.
215 368 374 408 Miseret
410 370 465 408 tui
505 381 577 416 me,
617 369 681 419 qui
720 369 822 408 hunc
865 376 1013 407 tantum
1053 369 1253 408 hominem
1295 368 1412 407 facias

299 435 495 473 inimicum
525 435 602 472 tibi.

83 498 170 537 CH.
206 499 429 538 Diminuam
469 511 542 549 ego
582 506 696 550 caput
736 506 843 538 tuum
886 499 1010 547 hodie,
1051 500 1120 538 nisi
1159 500 1250 538 abis.
1322 499 1411 538 GN.

296 565 382 602 Ain'
413 577 514 610 vero,
546 565 677 603 canis?

82 629 208 668 Sicine
237 630 347 680 agis?
405 629 537 667 THR.
568 627 815 682 [ficrz'ozcsgja]
850 630 948 677 Quis
978 637 1018 668 tu
1047 629 1166 668 homo
1196 630 1260 668 es?
1319 629 1410 679 quid

297 695 364 733 tibi
394 695 475 732 vis?
514 695 606 745 quid
634 707 722 733 cum
753 695 814 733 illa
843 696 896 733 rei
928 696 993 733 tibi
1021 696 1105 733 est?

80 758 168 797 CH.
219 760 351 799 Scibis.
409 760 599 810 Principio
649 772 735 797 eam
784 772 865 798 esse
914 761 1002 799 dico
1045 760 1216 798 liberam.
1275 760 1408 798 THR.

294 822 616 878 [zbzcredulousha]
634 824 760 863 Hem!
801 825 889 862 CH.
907 825 1041 863 Civem
1056 825 1232 864 Atticam.
1274 825 1408 862 THR.

296 890 399 928 Hui!
1347 908 1407 939 595

78 954 167 993 CH.
217 954 349 994 Meam
398 967 580 993 sororem.
640 954 771 993 THR.
821 955 877 994 Os
926 955 1085 994 durum!
1145 956 1232 995 CH.
1285 956 1409 1003 Miles,

292 1032 395 1058 nunc
424 1019 522 1058 adeo
551 1019 661 1058 edico
692 1021 770 1066 tibi,

77 1085 138 1123 Ne
170 1086 246 1123 vim
282 1085 396 1123 facias
424 1084 540 1123 ullam
571 1085 609 1122 in
639 1085 752 1123 illam.
811 1086 946 1131 Thai's,
977 1098 1051 1135 ego
1082 1099 1128 1124 eo
1159 1087 1206 1125 ad
1237 1087 1406 1138 Sophro-

294 1162 385 1188 nam

76 1212 285 1260 Nutricem,
336 1220 375 1251 ut
422 1225 508 1250 eam
556 1212 756 1259 adducam,
807 1219 844 1251 ct
892 1214 1001 1263 signa
1050 1215 1250 1253 ostendam
1300 1215 1406 1254 haec.

291 1277 424 1316 THR.
453 1276 555 1316 Tun'
586 1290 648 1316 me
679 1278 895 1328 prohibeas,

75 1342 206 1381 Meam
236 1356 284 1382 ne
309 1345 491 1393 tangam?
550 1343 637 1381 CH.
662 1343 891 1388 Prohibebo‚
913 1344 1082 1394 inquam.
1143 1343 1406 1399 [desappears]

293 1407 378 1446 GN.
409 1407 546 1446 Audin'
578 1410 644 1446 tu?
685 1408 745 1446 hic
775 1408 861 1446 furti
892 1421 931 1447 se
962 1410 1110 1460 adligat.

74 1474 140 1512 Sat
179 1473 251 1513 hoc
294 1474 361 1511 tibi
400 1480 466 1511 est.
525 1473 657 1511 THR.
699 1473 806 1511 Idem
847 1474 943 1512 hoe'
968 1482 1020 1521 tu,
1066 1475 1216 1513 Thai's?
1275 1475 1404 1514 THA.

289 1538 455 1586 Quaere,
497 1539 562 1589 qui
603 1539 843 1588 respondeat.
887 1537 1039 1591 [coolly.·
1086 1540 1146 1577 she
1189 1542 1404 1591 dz'sappears

286 1605 366 1642 and
389 1605 504 1642 slams
533 1605 588 1642 the
616 1601 805 1656 wz'ndow]
1337 1612 1404 1644 600

72 1668 205 1707 THR.
241 1666 534 1722 [dzlrconcerted]
571 1669 676 1716 Quid
710 1682 812 1707 nunc
848 1670 1024 1719 agimus?
1083 1670 1171 1709 GN.
1207 1672 1312 1718 Quin
1346 1685 1403 1710 re-

181 1737 184 1739 ’
287 1735 457 1773 deamus.
517 1736 601 1773 Iam
630 1735 724 1773 haec
756 1735 822 1773 tibi
851 1734 971 1773 aderit
1001 1736 1222 1786 supplicans

70 1799 191 1839 Vltro.
248 1800 381 1839 THR.
420 1800 602 1839 Credin'?
670 1800 759 1839 GN.
798 1801 937 1847 Immo,
978 1809 1090 1840 certe.
1166 1801 1267 1840 Novi
1296 1802 1402 1852 inge-

284 1863 391 1900 nium
419 1863 644 1901 mulierum:

69 1926 229 1974 Nolunt,
264 1928 329 1965 ubi
364 1927 476 1974 velis;
516 1928 580 1966 ubi
615 1920 724 1974 nolis,
764 1928 924 1978 cupiunt
958 1929 1069 1966 ultro.
1128 1928 1261 1966 THR.
1295 1928 1401 1967 Bene

284 2000 403 2042 putas.

68 2056 155 2096 GN.
188 2057 272 2096 Iam
302 2058 451 2096 dimitto
481 2058 720 2096 exercitum?
778 2057 910 2096 THR.
942 2058 1019 2096 Vbi
1049 2059 1114 2097 vis.
1171 2058 1260 2097 GN.
1286 2057 1400 2111 [bom-

283 2120 510 2175 baslz'cally]
542 2123 683 2174 Sanga,
712 2124 762 2161 ita
792 2129 832 2161 ut
863 2124 976 2162 fortes
1009 2123 1117 2162 decet

69 2187 221 2235 Milites,
253 2189 358 2227 domi
387 2188 537 2240 focique
568 2188 625 2227 sac
654 2189 817 2228 vicissim
847 2197 888 2228 ut
918 2189 1146 2228 memineris.
1335 2196 1397 2239 605
