1611 2543
202 61 252 95 44
701 57 742 95 P.
782 55 1030 94 TERENTI
1420 68 1496 95 Act-r
1512 65 1536 93 v

201 161 293 200 TH.
335 162 439 200 Num
484 173 610 200 meam
655 162 851 200 saevitiam
895 161 1091 200 veritu's?
1147 159 1236 200 CH.
1278 159 1382 200 Non.
1439 159 1534 200 TH.

421 228 545 266 Non?
584 228 676 278 quid
706 228 843 277 igitur?
1469 232 1534 275 645

201 293 291 332 CH.
321 292 461 347 [points
490 299 522 331 lo
553 290 639 346 Pia]
671 293 786 331 Hanc
816 293 945 338 metui,
977 305 1025 330 ne
1055 305 1116 330 me
1147 292 1412 331 criminaretur
1441 292 1518 331 tibi.

201 359 294 397 TH.
325 359 430 406 Quid
460 359 632 397 feceras?
690 357 780 396 CH.
816 355 1104 411 [hesz'lalz'ngly.]
1140 357 1304 396 Paulum
1338 357 1536 409 quiddam.

421 423 499 463 PY.
531 423 617 462 Eho
649 422 869 474 ‘paulum’,
901 423 1133 473 impudens?

200 490 263 527 An
295 489 451 540 paulum
482 489 555 527 hoc
588 501 670 527 esse
700 489 766 526 tibi
796 489 952 532 videtur,
984 489 1171 539 virginem

199 556 361 594 Auferre
392 556 542 593 civem?
600 554 689 592 CH.
721 554 959 594 Conservam
990 566 1072 593 esse
1101 554 1256 593 credidi.

201 620 279 659 PY.
316 618 572 674 [scomffulgy]
606 620 870 659 Conservam?
915 621 975 658 vix
1012 633 1184 658 me—
1241 620 1335 659 TH.
1371 619 1463 659 Non
1501 626 1536 658 te

421 687 592 737 dignum,
624 686 809 733 Chaerea,
1471 691 1538 733 650

200 752 362 791 Fecisti:
402 765 493 790 nam
523 752 553 790 si
584 764 658 800 ego
689 752 805 802 digna
835 751 905 790 hac
936 752 1171 790 contumelia

202 818 296 856 Sum
326 830 520 864 maxume,
552 824 589 855 at
618 824 658 854 tu
686 817 867 866 indignus
897 817 962 867 qui
993 817 1136 856 faceres
1165 825 1305 855 tamen.

200 883 338 934 Neque
368 883 517 933 edepol,
548 882 641 933 quid
671 894 774 920 nunc
804 882 937 921 consili
967 883 1132 933 capiam,
1164 883 1256 928 scio,

201 948 261 986 De
291 950 436 999 virgine
466 949 582 987 istac:
623 949 673 986 ita
702 948 937 987 conturbasti
967 948 1061 985 mihi

200 1014 388 1053 Rationes
417 1026 565 1060 omnes,
597 1021 638 1052 ut
667 1026 753 1052 eam
785 1026 863 1052 non
893 1015 1040 1064 possim
1071 1015 1157 1060 suis,
1470 1018 1536 1061 655

201 1081 258 1118 Ita
287 1087 327 1118 ut
355 1092 522 1130 aequom
553 1079 686 1127 fuerat,
716 1086 828 1129 atque
859 1085 898 1117 ut
929 1079 1069 1127 studui,
1100 1078 1256 1124 tradere,

200 1145 252 1183 Vt
283 1145 450 1184 solidum
479 1157 651 1195 parerem
683 1145 755 1183 hoc
785 1145 836 1182 mi
866 1145 1111 1191 beneficium,
1144 1144 1330 1183 Chaerea.

200 1210 288 1249 CH.
320 1211 372 1248 At
402 1223 504 1249 nunc
534 1210 673 1248 dehinc
704 1222 816 1260 spero
846 1216 1041 1248 aeternam
1071 1211 1170 1248 inter
1201 1222 1273 1250 nos
1302 1210 1464 1259 gratiam

199 1276 310 1324 Fore,
343 1276 480 1314 Thais.
540 1276 673 1313 Vnum
704 1275 778 1314 hoc
809 1276 927 1322 scit0;
969 1275 1225 1313 contumeliae

201 1339 292 1377 Non
322 1351 383 1377 me
414 1339 547 1377 fecisse
579 1351 705 1385 causa,
737 1339 805 1377 sed
836 1339 989 1378 amoris.
1053 1339 1188 1377 Statim
1472 1342 1539 1376 660

201 1401 354 1440 Salvam
384 1402 422 1439 in
453 1401 572 1440 domo
603 1401 766 1440 honesta
795 1401 982 1440 collocavi
1013 1401 1211 1451 virginem.

201 1467 317 1506 Nunc
348 1480 421 1518 ego
451 1474 487 1505 te
518 1467 557 1504 in
588 1466 660 1505 hac
690 1479 729 1505 re
760 1467 811 1504 mi
842 1478 911 1504 oro
939 1473 980 1504 ut
1010 1466 1172 1504 adiutrix
1202 1466 1277 1505 sies
1293 1479 1304 1514 3

201 1533 290 1583 Ego
318 1545 380 1571 me
411 1540 497 1571 tuae
528 1532 764 1571 commendo
795 1539 831 1570 et
861 1532 1062 1570 committo
1092 1532 1194 1579 fide3

199 1599 258 1636 Te
288 1598 380 1636 mihi
410 1605 614 1648 patronam
645 1598 769 1648 capio,
803 1597 951 1642 Tha'ss‚·
993 1603 1028 1634 te
1059 1598 1248 1635 obsecro:

200 1663 386 1710 Emoriar,
418 1664 448 1701 si
477 1675 557 1701 non
586 1663 686 1701 hanc
715 1675 877 1701 uxorem
907 1662 1063 1700 duxero.
1474 1666 1538 1708 665

202 1727 296 1768 TH.
336 1725 593 1781 [doubffully]
630 1727 785 1767 Tamen
808 1728 838 1766 si
860 1735 969 1778 pater
989 1727 1163 1777 quid—?
1221 1726 1311 1765 CH.
1341 1727 1397 1763 A!
1428 1725 1538 1774 volet,

419 1800 522 1833 certo
552 1794 654 1840 sci0;

201 1861 305 1899 Civis
334 1860 453 1899 modo
483 1860 579 1898 haec
608 1859 664 1897 sit.
723 1858 817 1896 TH.
848 1858 1047 1896 Paululum
1078 1858 1287 1908 opperirier

207 1925 245 1963 Si
277 1926 339 1972 vis,
370 1926 446 1963 iam
478 1925 592 1963 frater
621 1926 702 1974 ipse
732 1924 792 1962 hic
821 1923 939 1962 aderit
969 1923 1144 1973 virginis:

206 1991 407 2030 Nutricem
436 1991 659 2029 arcessitum
689 1990 741 2036 iit,
772 2002 869 2040 quae
899 1989 1002 2027 illam
1032 1989 1125 2026 aluit
1154 1987 1376 2038 parvolam:

203 2057 250 2095 In
279 2056 554 2107 cognoscendo
583 2063 662 2094 tute
692 2056 775 2105 ipse
805 2054 941 2101 aderis,
972 2053 1155 2093 Chaerea.
1475 2057 1540 2101 670

201 2122 289 2161 CH.
328 2119 694 2174 [etzllmsz'aslz‘cally.]
733 2121 818 2170 Ego
858 2133 944 2159 vero
980 2132 1130 2159 maneo.
1189 2118 1283 2158 TH.
1323 2118 1444 2156 Visne
1475 2117 1539 2156 'in-

421 2196 533 2235 terea,
566 2188 659 2226 dum
691 2188 804 2233 venit,
