1548 2500
104 109 155 135 sc.
176 110 219 135 111
644 96 902 136 FAMVLVS
1386 105 1433 145 21

106 200 182 238 Vbi
204 211 401 251 quaeram,
423 201 486 238 ubi
507 200 744 251 investigem.
759 214 874 252 quem
891 210 1105 252 perconte1·‚
1124 215 1239 253 quam
1263 203 1433 241 insistam

321 266 434 313 viam,

105 331 280 370 Incertus
314 343 410 369 sum.
468 331 557 370 Vna
586 331 680 370 haec
711 344 798 382 spes
828 341 905 380 est;
945 334 1011 371 ubi
1040 334 1104 371 ubi
1135 333 1179 372 ’st
1217 333 1282 372 diu
1322 333 1435 372 celari

321 409 401 434 non
433 404 572 445 potest.

106 459 143 499 O
163 460 302 499 faciem
321 461 539 511 pulchram!
570 460 682 500 deleo
702 474 838 501 omnes
859 462 997 501 dehinc
1018 475 1065 501 ex
1087 464 1217 502 animo
1239 463 1433 501 mulieres:

106 524 256 564 Taedet
295 526 590 565 cottidianarum
630 526 765 565 harum
799 527 1018 567 formarum.
1077 528 1154 566 PA.
1185 525 1294 580 [with
1324 531 1436 566 comz'c

321 589 497 644 despair]
528 592 632 630 Ecce
663 599 792 630 autem
821 593 1004 631 alterurn!
1371 610 1408 631 22
1417 610 1434 640 5

105 656 247 695 Nescio
284 657 379 707 quid
418 657 465 695 de
503 669 633 695 amore
671 658 848 708 loquitur.
906 655 1017 711 [with
1047 658 1146 696 mock
1170 657 1280 711 pz'ty.]
1311 658 1347 697 O
1378 660 1433 697 in-

319 721 555 760 fortunatum
584 725 740 761 senem!

106 787 183 825 Hic
212 799 302 825 vero
330 795 398 833 est,
429 788 495 838 qui
525 788 556 826 si
585 789 789 838 occeperit.

103 852 258 890 Ludum
288 853 495 902 iocumque
525 853 629 891 dices
658 853 772 891 fuisse
802 853 907 891 illum
939 853 1109 892 alterurn.

103 917 240 955 Praeut
270 917 381 955 huius
413 919 533 956 rabies
563 931 661 968 quae
691 918 806 957 dabit.

103 981 192 1020 CH.
224 982 275 1020 Vt
306 982 409 1021 illum
445 983 482 1020 di
517 983 688 1033 deaeque
719 985 869 1022 senium
908 984 1082 1033 perdant.
1115 985 1178 1034 qui
1219 997 1279 1023 me
1321 985 1434 1024 hodie

319 1057 530 1086 remoratus
559 1050 638 1086 est!
1372 1067 1384 1087 2
1394 1066 1434 1096 30

104 1112 246 1163 Meque
285 1112 395 1159 adeo,
437 1114 500 1162 qui
542 1114 768 1160 restiterim;
808 1122 888 1151 tum
921 1122 1048 1152 autem
1081 1116 1143 1165 qui
1180 1114 1285 1152 illum
1326 1116 1433 1154 flocci

318 1178 485 1216 fecerim.

103 1242 179 1280 Sed
215 1255 351 1281 eccum
387 1243 694 1282 Parmenonem:
736 1244 847 1282 salve.
909 1243 986 1282 PA.
1018 1245 1122 1291 Quid
1152 1254 1191 1283 tu
1222 1258 1262 1283 es
1292 1246 1434 1284 tristis?

318 1309 454 1359 quidve
485 1321 525 1347 es
556 1309 711 1348 alacris?
989 1320 993 1321 ⁷

103 1373 216 1412 Vnde
256 1375 312 1412 is?
370 1374 458 1413 CH.
499 1374 663 1425 Egone?
704 1375 834 1412 nescio
866 1375 1003 1421 hercle,
1040 1388 1164 1425 neque
1201 1376 1302 1414 unde
1336 1389 1432 1415 eam-

317 1451 441 1490 neque
472 1452 657 1490 quorsum
687 1452 796 1478 eam:

101 1505 162 1542 Ita
191 1517 371 1555 prorsum
401 1505 540 1543 oblitus
570 1518 655 1543 sum
685 1507 772 1543 mei.

102 1570 180 1608 PA.
226 1570 316 1617 Qui,
359 1572 528 1620 quaeso?
587 1571 674 1608 CH.
716 1568 967 1623 [lragically]
1009 1571 1121 1609 Amo.
1180 1571 1259 1609 PA.
1306 1571 1432 1613 Hem!

317 1635 405 1674 CH.
442 1633 699 1689 [coaxingly]
734 1635 861 1682 Nunc,
899 1636 1101 1682 Parmeno,
1144 1644 1178 1674 te
1219 1638 1434 1676 ostenderis

314 1702 378 1751 qui
409 1702 462 1739 vir
490 1702 574 1739 sies.
1366 1719 1427 1750 235

101 1766 182 1805 Scis
230 1774 266 1804 te
313 1767 406 1804 mihi
435 1768 568 1817 'saepe
613 1766 821 1816 pollicitum
866 1778 971 1804 esse:
1024 1766 1230 1815 ‘Chaerea‚
1282 1768 1426 1819 aliquid

313 1844 437 1870 inveni

101 1895 236 1944 Modo,
259 1897 362 1948 quod
385 1908 512 1935 ames:
545 1897 583 1933 in
605 1909 648 1934 ea
672 1909 710 1934 re
733 1897 936 1935 utilitatem
961 1909 1035 1947 ego
1060 1897 1197 1936 faciam
1220 1907 1257 1937 ut
1285 1912 1431 1949 cogno-

313 1974 397 2000 scas
425 1954 597 2000 meam’:

98 2027 230 2074 Quom
259 2028 297 2066 in
327 2028 502 2066 cellulam
527 2027 574 2065 ad
604 2034 642 2066 te
673 2028 790 2077 patris
815 2039 959 2078 penum
985 2040 1142 2066 omnem
1167 2032 1427 2079 congerebam

314 2093 544 2131 clanculum.

97 2158 175 2197 PA.
216 2159 312 2208 Age,
352 2159 491 2207 inepte.
549 2157 639 2195 CH.
678 2157 767 2197 Hoc
807 2158 932 2197 hercle
966 2159 1109 2198 factum
1149 2161 1206 2199 'st.
1265 2161 1341 2199 Fac
1379 2163 1428 2199 sis

314 2236 418 2261 nunc
448 2223 634 2273 promissa
664 2233 885 2274 appareant,
1222 2220 1227 2221 ⁷
1264 2247 1269 2249 >
