1611 2543
207 57 227 91 4
237 57 255 90 2
710 56 748 93 P.
791 55 1039 94 TERENTI
1423 71 1495 98 ACT
1515 70 1538 94 v

206 157 281 195 SA.
325 156 541 211 [marcht'ng
579 160 639 197 ln's
679 173 756 198 men
799 158 879 213 qff]
925 161 1157 200 Iamdudum
1198 161 1350 200 animus
1392 169 1450 202 est
1496 162 1537 200 in

421 225 570 275 patinis.
628 225 716 265 GN.
765 225 879 276 Frugi
928 240 980 266 es.
1039 226 1172 265 THR.
1222 227 1306 265 Vos
1352 240 1413 266 me
1464 227 1537 266 hac

421 291 634 341 sequimini.
1227 290 1350 345 [Exit
1374 289 1538 344 nolis-ihm]

535 504 741 547 ACTVS
784 504 1156 547 V.-SCAENA
1200 506 1219 546 I

631 618 814 658 THAIS.
874 620 1115 658 PYTHIAS

329 715 469 771 [Enlcr
501 717 629 757 Tussis
642 720 754 769 from
785 721 850 758 lzer
879 721 986 758 house
1013 721 1181 770 scolding
1212 717 1420 772 Pvmms]

1353 793 1373 808 ε.

209 817 304 855 ΤΗ.
333 818 496 868 Pergin',
527 818 697 866 scelesta,
727 832 880 859 mecum
910 820 1091 870 perplexe
1122 820 1254 870 loqui?

209 884 344 922 ‘Scioz
383 884 537 922 nescio:
574 885 687 922 abiit:
728 886 875 923 audivi:
915 898 989 936 ego
1020 898 1100 923 non
1129 885 1256 923 adfui.‘

208 949 302 987 Non
331 957 371 988 tu
401 950 496 988 istuc
527 950 620 987 mihi
650 950 796 989 dictura
826 957 956 1001 aperte
986 963 1038 997 eS,
1070 951 1254 1002 quiequid
1284 951 1368 989 est?

207 1015 329 1066 Virgo
360 1028 481 1066 quom
512 1014 624 1054 frater
652 1017 755 1054 illam
785 1017 872 1063 volt,
904 1024 961 1055 est
990 1017 1194 1066 nuspiam:
1479 1021 1546 1053 610

206 1082 257 1120 Et
287 1081 417 1119 Dorus
446 1082 558 1120 abiit:
599 1083 879 1132 quamobrem?
920 1083 1012 1134 quid
1042 1082 1185 1121 factum
1215 1080 1287 1121 'st?
1329 1083 1459 1121 taces?

208 1147 286 1185 ΡΥ.
318 1144 376 1199 [in
405 1145 628 1199 corfizsion]
660 1147 765 1194 Quid
789 1148 855 1186 tibi
879 1161 952 1197 ego
978 1148 1101 1186 dicam
1127 1148 1292 1186 misera?
1332 1154 1369 1186 at
1393 1147 1545 1186 Dorum

425 1213 530 1250 illum
562 1222 706 1263 negant

208 1279 355 1318 Fuisse.
412 1279 505 1316 TH.
536 1279 635 1326 Quis
667 1280 735 1317 suit
765 1280 904 1330 igitur?
964 1279 1042 1317 ΡΥ.
1072 1278 1149 1317 Iste
1179 1278 1365 1317 Chaerea.

209 1344 304 1382 TH.
334 1344 413 1391 Qui
443 1344 643 1382 Chaerea?
701 1343 780 1383 PY.
811 1344 890 1384 Iste
920 1345 1092 1395 ephebus
1122 1344 1234 1382 frater
1264 1344 1488 1384 Phaedriae.

208 1410 301 1449 TH.
333 1409 440 1457 Quid
469 1410 535 1457 ais,
566 1410 762 1449 venefica?
820 1410 899 1449 PY.
931 1411 1049 1461 Atqui
1077 1417 1185 1448 certo
1215 1411 1399 1460 comperi.
1484 1415 1548 1458 615

209 1476 303 1514 TH.
344 1475 450 1522 Quid
489 1476 532 1522 is,
573 1477 746 1522 obsecro,
786 1476 833 1514 ad
872 1478 972 1514 nos?
1012 1476 1268 1527 quamobrem
1301 1470 1550 1514 adductu'st?

427 1540 507 1581 PY.
539 1540 705 1588 Neseio;

210 1606 294 1645 Nisi
323 1619 473 1645 amasse
504 1607 619 1645 credo
646 1606 900 1658 Pamphilam.
958 1607 994 1644 T
1000 1607 1053 1645 H.
1084 1606 1202 1653 Hem,
1230 1608 1371 1646 misera
1400 1606 1547 1654 occidi;

209 1672 358 1720 Infelix,
389 1672 579 1723 siquidem
610 1679 650 1710 tu
680 1673 794 1711 istaec
825 1686 913 1711 vera
943 1673 1153 1722 praedicas·

212 1736 403 1792 [quz'ckly]
445 1737 552 1776 Num
590 1751 659 1788 per
697 1751 786 1777 eum
825 1739 932 1776 abest
975 1739 1109 1788 virgo?
1168 1737 1249 1776 PY.
1295 1738 1353 1786 Id,
1399 1738 1549 1789 opinor.

428 1804 522 1843 TH.
554 1803 660 1851 Quid
690 1804 756 1850 ais,
788 1804 999 1853 sacrilega?

209 1871 377 1909 Istucine
407 1871 650 1909 interminata
680 1882 766 1907 sum
796 1869 884 1907 hinc
914 1869 1045 1908 abiens
1074 1870 1170 1908 tibi?
1484 1873 1551 1907 620

211 1935 289 1974 PY.
320 1936 425 1983 Quid
454 1936 644 1975 facerem?
684 1935 787 1974 solae
818 1935 982 1973 famulae
1011 1942 1238 1975 manserunt
1269 1935 1386 1974 domi.

212 2001 307 2039 TH.
340 2001 520 2049 Scelesta,
552 2013 663 2039 ovem
693 2001 785 2051 lupo
815 2001 1031 2048 commisti;
1071 2000 1252 2051 dispudet

213 2066 273 2106 Sic
303 2067 396 2105 mihi
425 2067 512 2105 data
542 2079 627 2106 esse
656 2067 781 2105 verba.
839 2064 1051 2118 [CHAEREA
1081 2067 1162 2104 still
1186 2068 1226 2104 z'n
1255 2065 1426 2111 Eastern
1451 2065 1551 2103 dress

431 2134 463 2171 is
492 2146 569 2172 seen
598 2129 887 2184 approachz'ng.]
918 2132 1023 2179 Quid
1053 2132 1142 2171 illuc
1171 2132 1338 2171 hominis
1366 2132 1451 2170 est?

215 2198 296 2237 PY.
326 2199 404 2237 Era
434 2211 532 2245 mea,
564 2206 660 2246 tace,
691 2199 865 2246 obsecro,
897 2197 1022 2237 salvae
1053 2210 1206 2237 sumus:
