1548 2500
87 141 140 168 sc.
162 141 190 167 11
630 127 888 165 FAMVLVS
1378 131 1425 166 19

88 234 159 272 Est
186 245 309 282 genus
347 232 560 278 hominum,
592 233 657 283 qui
695 245 779 271 esse
818 234 962 283 primos
1005 244 1044 270 se
1083 232 1258 270 omnium
1300 244 1424 269 rerum

305 296 450 343 volunt,

90 362 174 401 Nec
218 370 316 400 sunt.
349 377 353 381 ·
381 362 469 401 Hos
513 370 735 401 consector:
775 361 877 400 hisce
918 374 992 412 ego
1035 374 1115 400 non
1155 374 1248 412 paro
1286 375 1348 400 me
1387 370 1427 401 ut

305 428 477 475 rideant;

90 492 167 531 Sed
196 494 249 531 eis
278 493 383 532 ultro
405 493 552 532 arrideo
582 500 618 532 et
649 505 779 531 eorum
810 493 962 543 ingenia
992 493 1161 532 admiror
1191 493 1317 531 simul.

89 559 285 609 Quicquid
329 559 471 604 dicunt,
517 558 655 596 laudo:
696 558 733 595 id
777 571 924 596 rursum
970 559 1000 596 si
1040 566 1193 608 negant,
1235 558 1350 596 laudo
1390 558 1427 595 id

305 636 481 674 quoque:
1364 639 1426 671 190

90 689 218 739 Negat
233 689 344 738 quis?
364 701 487 738 nego:
510 690 587 727 ait?
608 690 691 727 aio:
721 696 930 739 postremo,
954 689 1139 739 imperavi
1156 697 1311 740 egomet
1334 689 1426 726 mihi

90 754 232 792 Omnia
251 754 452 792 adsentari.
511 754 548 792 Is
577 761 757 804 quaestus
787 766 889 792 nunc
920 761 975 792 est
1005 754 1125 791 multo
1160 755 1410 792 uberrumus.’

90 818 171 858 PA.
204 816 336 872 [asz'de,
357 819 447 857 wz'tlz
477 817 679 872 conlenzpfi]
712 818 862 865 Viden’‚
887 820 1009 858 otium
1036 829 1071 857 et
1097 820 1205 858 cibus
1226 819 1318 870 quid
1337 819 1427 857 facit

307 884 474 923 alienus!
533 884 621 922 GN.
656 885 729 922 Sed
760 897 835 934 ego
866 897 974 923 cesso

88 948 151 985 Ad
181 948 375 987 Tha'sdem
406 949 504 987 hanc
537 950 738 995 deducere,
761 957 797 987 et
827 961 961 999 rogare
991 950 1040 988 ad
1070 961 1207 987 cenam
1227 956 1268 986 ut
1288 949 1427 987 veniat.

90 1013 166 1051 Sed
195 1014 479 1053 Parmenonem
513 1022 601 1052 ante
632 1016 773 1053 ostium
804 1015 973 1065 opperiri
1002 1016 1147 1053 tristem
1179 1015 1303 1060 video,
1365 1030 1425 1063 195

90 1074 232 1117 Rivalis
263 1092 427 1118 servum.
489 1080 601 1118 Salva
631 1093 711 1119 res:
754 1081 934 1119 nimirum
955 1080 1058 1118 hisce
1079 1080 1258 1119 homines
1278 1080 1427 1130 frigent.

89 1143 336 1182 Nebulonem
358 1144 459 1183 hunc
480 1152 625 1183 certum
646 1144 691 1184 ’st
711 1146 850 1184 ludere.
914 1146 991 1184 PA.
1023 1143 1177 1198 [ascula]
1209 1145 1330 1183 Hisce
1351 1146 1426 1183 hoe

305 1221 464 1248 munere
494 1211 721 1248 arbitrantur
1275 1222 1278 1224 ’

90 1274 208 1313 Suam
227 1274 423 1313 Thai'dem
444 1288 538 1314 esse.
597 1275 685 1314 GN.
717 1273 827 1329 [with
850 1290 873 1314 a
894 1278 965 1314 low
986 1275 1097 1329 bozen]
1120 1276 1288 1315 Plurima
1309 1277 1426 1315 salute

305 1340 590 1379 Parmenonem

89 1404 292 1443 Summum
321 1417 432 1444 suom
453 1407 619 1456 impertit
640 1407 811 1446 Gnatho.
874 1407 979 1454 Quid
1000 1407 1150 1456 agitur?
1208 1407 1287 1445 PA.
1317 1405 1426 1460 [non-

305 1469 526 1524 chalantht]
558 1471 696 1510 Statur.
754 1471 843 1510 GN.
874 1472 1014 1511 Video.

87 1534 380 1586 Numquidnam
400 1535 472 1582 hic,
493 1536 599 1586 quod
619 1536 726 1583 nolis,
749 1536 880 1574 vides?
938 1537 1015 1574 PA.
1050 1534 1321 1590 [crushz'nggy]
1353 1536 1424 1575 Te.

304 1599 394 1638 GN.
425 1600 576 1639 Credo:
608 1609 646 1638 at
676 1602 862 1652 numquid
893 1602 1023 1640 aliud?
1360 1620 1423 1642 200

86 1664 166 1702 PA.
215 1664 293 1712 Qui
342 1665 460 1703 dum?
527 1665 616 1703 GN.
659 1667 762 1714 Quia
805 1667 900 1705 tristi
922 1668 963 1705 ’s.
1024 1667 1103 1705 PA.
1147 1667 1211 1705 Nil
1252 1668 1420 1719 quidem.

181 1739 183 1741 ·
304 1729 396 1769 GN.
427 1730 488 1768 Ne
519 1731 583 1769 sis.
641 1731 716 1770 Sed
748 1732 840 1782 quid
870 1732 1017 1770 videtur

89 1793 179 1833 Hoc
207 1795 274 1833 tibi
305 1796 585 1844 mancupium?
642 1797 721 1834 PA.
752 1794 958 1850 [qfflzand]
988 1797 1082 1836 Non
1112 1797 1256 1836 malum
1284 1798 1424 1839 hercle.

303 1860 392 1898 GN.
432 1858 564 1913 [asz'de‚
599 1862 761 1911 rubbz'ng
802 1855 860 1900 hi's
898 1860 1049 1914 hands]
1090 1863 1172 1901 Vro
1212 1863 1424 1904 hominem.

305 1924 384 1962 PA.
414 1923 587 1979 [asz'de]
596 1926 673 1964 Vt
679 1927 795 1964 falsus
825 1928 942 1965 animi
971 1926 1038 1965 'sti

86 1988 183 2044 GN.⁴
205 1985 407 2044 [suavely]
436 1990 568 2043 Qua-m
597 1991 673 2029 hoc
703 2003 843 2029 munus
881 1991 1421 2046 gratum*Thaidi-arbitrare

303 2056 414 2093 esse?
470 2055 548 2094 PA.
580 2055 670 2094 Hoc
700 2068 802 2095 nunc
830 2057 933 2103 dicis,

86 2118 240 2157 Eiectos
269 2118 358 2157 hinc
390 2131 473 2158 nos.
532 2120 719 2158 Omnium
750 2134 888 2167 rerum,
920 2121 1026 2168 heus,
1058 2122 1281 2177 vicissitudo
1312 2121 1367 2161 'st.

87 2182 177 2221 GN.
218 2183 293 2222 Sex
335 2196 409 2233 ego
450 2192 484 2223 te
530 2192 642 2232 totOS,
691 2185 892 2232 Parmeno,
936 2186 1009 2225 hos
1052 2199 1209 2226 menses
1253 2188 1422 2237 quietum

303 2249 484 2287 reddam:
1358 2268 1420 2299 205

719 2334 783 2359 132
