1548 2500
11 98 64 124 sc.
85 97 122 123 ιν
549 82 806 121 FAMVLVS
1291 85 1341 120 47

14 189 92 228 PA.
131 187 288 228 Nescio·
346 186 426 226 PY.
465 188 584 239 Atqui
613 188 667 226 sic
695 188 847 226 inventa
876 186 931 226 'st.
990 187 1087 225 Eam
1126 187 1196 225 iste
1231 188 1341 224 surri-

228 254 307 304 puit
336 254 460 292 miser.

11 321 80 358 Ille
109 319 174 357 ubi
203 319 241 357 id
269 319 415 357 rescivit
445 318 586 358 factum
616 317 728 356 frater
757 317 1101 356 violentissimus—

13 385 93 423 PA.
129 383 327 431 Quidnam
366 383 482 422 fecit?
540 382 620 422 PY.
652 382 854 434 Colligavit
882 383 1048 433 primurn
1077 393 1167 420 eum
1195 382 1344 421 miseris

227 448 362 488 modis.

13 515 91 554 PA.
122 512 348 567 [horrz‘fied.]
380 513 612 564 Colligavit?
669 513 751 552 PY.
779 513 908 564 Atque
941 513 1101 563 quidem
1129 519 1272 559 orante,
1303 519 1345 551 ut

228 592 277 618 ne
305 580 344 617 id
373 579 524 625 faceret,
554 579 721 618 Thai'de.

13 645 92 684 PA.
114 644 220 692 Quid
240 645 316 683 ais!
360 643 440 682 PY.
462 644 577 683 Nunc
598 645 764 683 minatur
784 656 900 694 porro
922 657 961 683 se
982 644 1031 691 id,
1052 643 1157 694 quod
1178 643 1344 694 fugitivis

228 709 343 748 solet:
1307 724 1345 747 10

15 775 134 822 Quod
176 787 250 824 ego
294 787 506 826 numquam
549 775 624 814 vidi
667 775 756 821 fieri,
797 786 922 825 neque
959 774 1084 812 velim.
1142 773 1220 811 PA.
1256 722 1346 820 Q⁷ua

228 840 388 879 audacia

15 905 188 944 Tantum
208 905 355 945 facinus
378 906 519 944 audet?
576 906 655 944 PY.
687 905 792 954 Quid
814 907 864 944 ita
893 905 1115 944 ‘tantum'?
1173 904 1251 942 PA.
1281 904 1344 943 An

231 980 311 1007 non
341 968 415 1007 hoc
445 981 671 1007 maxumum
701 969 772 1007 'st?

14 1033 127 1080 Dico,
158 1033 268 1072 edico
297 1034 416 1080 vobis,
447 1040 621 1072 nostrum
660 1046 742 1073 esse
781 1033 887 1072 illum
915 1033 1046 1072 erilem
1077 1033 1206 1071 filium.
1265 1031 1345 1070 PY.

231 1095 341 1151 [with
354 1100 517 1149 fezgrned
542 1097 833 1151 astonishment]
865 1099 991 1137 Hem!

16 1163 199 1210 Obsecro,
232 1176 282 1202 an
301 1164 333 1201 is
358 1165 440 1202 est?
498 1163 577 1202 PA.
608 1163 669 1202 Ne
690 1176 808 1214 quam
829 1164 868 1201 in
890 1163 996 1202 illum
1019 1162 1147 1201 Thai's
1167 1163 1243 1200 vim
1267 1162 1346 1201 fieri

230 1233 339 1264 sinat.

16 1292 145 1341 Atque
179 1290 277 1330 adeo
311 1297 441 1329 autem
475 1304 543 1329 cur
582 1304 661 1330 non
702 1298 856 1341 egomet
894 1292 993 1329 intro
1033 1292 1106 1329 eo?
1138 1288 1276 1342 [makes
1304 1303 1348 1328 as

231 1356 367 1405 llzouglz
414 1361 446 1394 to
494 1369 566 1394 run
608 1357 682 1394 into
730 1355 867 1395 THA1S'
909 1354 1044 1407 house]
1114 1355 1193 1393 PY.
1237 1355 1346 1402 Vide,

231 1421 434 1467 Parmeno,
1284 1433 1345 1468 715

16 1486 122 1533 Quid
142 1497 246 1536 agas,
263 1498 312 1524 ne
333 1498 457 1537 neque
477 1486 528 1524 illi
548 1487 684 1537 prosis,
708 1494 744 1525 et
765 1494 804 1525 tu
820 1498 976 1536 pereas:
1005 1498 1095 1523 nam
1112 1486 1185 1524 hoc
1202 1492 1346 1535 putant,

17 1550 214 1601 Quicquid
252 1550 393 1589 factum
434 1549 491 1597 'st,
526 1563 573 1588 ex
612 1559 647 1589 te
686 1563 770 1590 esse
809 1558 947 1590 ortum.
1015 1550 1094 1589 PA.
1134 1547 1348 1603 [pctus-ing]

235 1615 340 1662 Quid
370 1616 481 1665 igitur
510 1616 647 1654 faciam
677 1617 816 1654 miser?

19 1681 168 1728 Quidve
207 1681 416 1730 incipiam?
460 1679 636 1733 [LACHES
675 1683 707 1719 z's
743 1695 820 1719 seen
859 1683 898 1718 z'n
936 1681 993 1718 the
1030 1677 1217 1732 distance]
1258 1691 1348 1718 ecce

231 1752 370 1792 autem,
402 1747 512 1784 video
541 1759 623 1785 rure
653 1747 875 1784 redeuntem
905 1758 1050 1784 senem.

18 1810 154 1848 Dicam
175 1809 273 1857 huic,
295 1822 345 1847 an
366 1823 446 1849 non
467 1811 619 1849 dicam?
651 1811 777 1849 dicam
799 1810 936 1856 hercle,
957 1810 1027 1848 etsi
1047 1809 1140 1847 mihi
1161 1821 1347 1858 magnum

232 1875 377 1912 malum

20 1939 108 1977 Scio
144 1946 344 1989 paratum:
393 1939 460 1977 sed
499 1952 658 1978 necesse
697 1947 763 1987 est,
795 1940 882 1978 huic
922 1945 962 1977 ut
999 1939 1208 1977 subveniat.
1268 1937 1347 1977 PY.

234 2003 358 2054 Sapis.
1285 2019 1348 2052 720

18 2068 104 2118 Ego
133 2069 232 2107 abeo
261 2069 387 2107 intro:
417 2075 457 2106 tu
476 2069 545 2107 ,isti
576 2082 685 2108 narra
715 2081 832 2108 omne
861 2069 1006 2115 ordine,
1027 2076 1065 2108 ut
1094 2067 1236 2107 factum
1267 2069 1348 2107 siet.
