1611 2543
237 108 287 144 48
739 106 778 144 P.
819 106 1069 144 TERENTI
1453 120 1527 146 Ac‘r
1546 121 1570 145 v

739 267 994 311 SCAENA
1036 269 1076 310 V

599 358 704 397 LAC
711 358 786 397 HE
793 359 828 397 S.
924 359 1195 398 PARMENO

237 443 378 499 [Enler
407 446 562 485 LACHES
581 448 780 496 relurm'ng
793 448 906 498 from
936 448 993 485 the
1011 452 1190 497 country:
1227 447 1269 485 he
1290 454 1423 498 pauses
1451 449 1572 501 before

505 509 563 547 lu's
592 510 699 547 house
727 510 884 548 without
910 512 1032 560 seez'ng
1061 507 1283 563 PARMENo]

234 607 315 646 LA.
344 607 404 645 Ex
434 620 522 647 meo
552 609 769 659 propinquo
799 621 884 647 rure
915 609 989 648 hoe
1019 610 1131 660 capio
1162 609 1382 648 commodi:

235 673 373 724 Neque
403 674 493 723 agri,
527 686 651 725 neque
681 675 784 713 urbis
813 675 947 714 odium
977 687 1039 714 me
1069 687 1257 726 umquam
1286 675 1457 726 percipit.

234 737 311 776 Vbi
342 740 455 777 satias
483 740 610 791 coepit
639 740 729 788 fieri,
761 748 961 780 commuto
990 741 1131 780 locum.

234 804 311 842 Sed
340 811 447 843 estne
477 805 536 844 ille
566 813 695 845 noster
724 807 942 845 Parmeno?
981 814 1017 845 et
1046 813 1147 846 certe
1179 807 1283 856 ipsus
1313 814 1382 845 est.
1506 819 1566 854 725

233 870 363 918 Quem
393 872 637 921 praestolare,
668 872 871 919 Parmeno,
901 873 962 911 hic
993 880 1082 911 ante
1112 873 1279 910 ostium?

182 941 186 944 ’
232 935 312 974 PA.
345 934 538 988 [affectz'ng
567 934 764 990 surprise]
797 937 894 985 Quis
933 938 1052 976 homo
1081 936 1152 976 'st?
1194 936 1318 984 ehem,
1348 937 1493 976 salvom
1532 945 1570 977 te

451 1000 639 1046 advenire,
670 1012 743 1047 ere,
773 1000 939 1050 gaudeo.

232 1063 314 1102 LA.
346 1063 475 1112 Quem
505 1065 764 1114 praestolare?
823 1065 902 1105 PA.
935 1063 1084 1118 [asida]
1116 1065 1235 1112 Perii3
1275 1066 1407 1115 lingua
1440 1064 1570 1105 haeret

448 1137 564 1169 metu.
621 1130 701 1169 LA.
733 1131 856 1169 Hem¹

232 1194 338 1242 Quid
367 1202 423 1233 est
452 1196 557 1245 quod
586 1196 781 1248 trepidas?
821 1197 943 1235 satine
973 1196 1126 1234 salvae?
1166 1196 1226 1234 dic
1256 1195 1361 1234 mihi.

231 1259 309 1298 PA.
340 1259 428 1306 Ere,
457 1261 625 1311 primum
655 1268 691 1300 te
721 1262 895 1300 arbitrari
925 1262 973 1308 id,
1006 1261 1112 1312 quod
1140 1273 1200 1299 res
1230 1268 1299 1307 est,
1330 1260 1464 1308 velim;
1507 1276 1569 1310 730

231 1325 428 1376 Quicquid
457 1327 570 1365 huius
600 1327 743 1365 factum
773 1325 829 1374 'st,
859 1327 971 1377 culpa
1002 1339 1083 1365 non
1112 1326 1255 1365 factum
1286 1327 1332 1365 'st
1361 1338 1459 1366 mea.

230 1389 312 1430 LA.
345 1390 476 1437 Quid?
534 1392 612 1429 PA.
645 1392 766 1430 Recte
797 1404 889 1430 sane
919 1393 1183 1442 interrogasti:
1224 1392 1395 1441 oportuit

230 1456 330 1494 Rem
360 1469 628 1506 praenarrasse
658 1470 733 1497 me.
790 1457 895 1495 Emit
925 1457 1121 1508 quendam
1151 1456 1339 1495 Phaedria

231 1521 464 1568 Ministrum,
495 1535 612 1573 quem
633 1522 740 1561 dono
760 1522 848 1561 huic
868 1522 988 1561 daret.
1045 1522 1127 1560 LA.
1149 1521 1252 1560 Cui?
1311 1521 1390 1560 PA.
1411 1521 1569 1560 Thai'di.

229 1587 311 1625 LA.
343 1589 475 1626 Emit?
514 1588 608 1638 perii
633 1588 771 1627 hercle.
834 1587 1006 1635 Quanti?
1066 1587 1144 1625 PA.
1175 1587 1320 1637 Viginti
1349 1587 1473 1626 minis.
1503 1599 1568 1635 735

229 1652 310 1691 LA.
345 1654 485 1692 Actum
523 1652 580 1691 'st.
639 1652 716 1692 PA.
753 1653 859 1691 Tum
901 1653 1098 1703 quandam
1138 1652 1332 1691 fidicinam
1365 1660 1469 1690 amat
1507 1652 1568 1690 hic

447 1718 632 1756 Chaerea.

231 1783 311 1821 LA.
352 1783 480 1822 Hem!
529 1783 651 1834 quid?
695 1784 824 1822 amat?
873 1795 922 1821 an
960 1783 1029 1821 scit
1070 1783 1146 1821 iam
1190 1782 1250 1821 ille
1290 1793 1445 1834 quoque
1486 1793 1568 1821 rem

445 1849 629 1898 perdere?

229 1916 292 1952 An
321 1915 360 1952 in
391 1921 475 1952 astu
506 1915 635 1952 venit?
675 1914 776 1952 aliud
806 1927 853 1953 ex
883 1915 959 1953 alio
989 1913 1146 1952 malurn.

230 1979 308 2017 PA.
339 1979 427 2026 Ere,
459 1991 508 2017 ne
538 1991 600 2017 me
629 1986 803 2029 spectes:
844 1992 907 2018 me
937 1980 1146 2030 impulsore
1175 1979 1271 2018 haec
1303 1991 1383 2017 non
1412 1978 1512 2018 facit.

232 2043 313 2081 LA.
344 2043 489 2082 Omitte
533 2043 582 2082 de
620 2051 658 2082 te
696 2044 847 2083 dicere:
901 2057 975 2095 ego
1013 2052 1061 2092 te,
1101 2043 1264 2091 furcifer,
1313 2041 1461 2097 [shakes
1507 2045 1568 2083 his

447 2109 537 2147 stz‘ck
566 2112 608 2147 al
634 2107 742 2162 him]
1503 2123 1568 2158 740

232 2174 270 2212 Si
300 2174 449 2211 vivo—.
509 2173 585 2212 Sed
614 2175 722 2221 istuc,
755 2175 942 2226 quicquid
970 2182 1039 2222 est,
1070 2175 1238 2224 primum
1266 2174 1416 2224 expedi.

230 2239 309 2277 PA.
340 2238 378 2277 Is
407 2250 476 2289 pro
506 2239 570 2277 illo
601 2239 745 2278 famulo
776 2240 824 2278 ad
854 2239 1051 2280 Tha'sdem
1081 2240 1181 2280 hanc
1211 2238 1395 2278 deductus
1424 2247 1492 2278 est.
