1611 2543
181 77 231 112 28
683 74 722 111 P.
764 73 1011 111 TERENTI
1383 85 1455 112 1ch
1478 85 1521 111 111

181 177 269 215 GN.
302 177 446 217 Eamus
469 190 561 228 ergo
582 178 628 216 ad
651 190 810 216 cenam:
842 177 933 229 quid
955 180 1057 216 stas?
1118 177 1195 216 PA.
1226 175 1381 231 [asida]
1413 175 1516 216 Hem

398 244 585 282 alterum:

182 307 241 346 Ex
263 308 419 348 homine
440 309 542 347 hunc
573 317 705 348 natum
736 308 867 347 dicas?
926 308 1056 346 THA.
1088 307 1164 346 Vbi
1185 309 1250 354 vis,
1272 321 1352 347 non
1378 320 1520 347 moror-

792 372 980 427 [Tmmso
1010 375 1120 424 qffers
1155 373 1283 412 Talus
1314 374 1372 412 his
1400 371 1521 427 arm.]

184 439 262 477 PA.
291 438 433 485 Adibo,
465 445 579 490 atque
610 438 853 478 adsimulabo
882 440 991 489 quasi
1021 451 1126 478 nunc
1155 451 1302 477 exeam.
1457 445 1519 487 361

182 504 339 550 Ituran',
371 503 508 551 Thai's,
538 505 723 555 quopiam
753 506 820 543 es?
888 504 1020 543 THA.
1051 504 1187 551 Ehem,
1220 504 1424 550 Parmeno,

184 569 290 608 Bene
321 568 463 608 fecisti:
501 569 616 608 hodie
641 570 748 608 itura.
806 570 885 610 PA.
918 570 1036 617 Quo?
1094 569 1225 607 THA.
1256 568 1387 616 Quid?
1417 568 1520 608 hunc

399 647 479 674 non
509 635 641 674 vides?

182 701 260 739 PA.
291 700 427 747 Video,
458 708 495 739 et
525 713 587 739 me
616 701 755 739 taedet.
813 700 890 738 Vbi
921 702 987 747 vis,
1018 699 1122 739 dona
1151 700 1291 739 adsunt
1321 700 1388 738 tibi

160 766 216 803 Ἀ
237 765 433 804 Phaedria.
495 765 629 805 THR.
661 766 767 813 Quid
788 767 962 805 stamus?
997 778 1065 804 cur
1086 778 1166 804 non
1187 766 1287 804 imus
1307 765 1424 805 hinc?
1455 769 1519 814 365

182 831 260 870 PA.
291 829 523 885 [cullz'nghz.]
554 831 713 879 Quaeso
743 832 868 870 hercle
897 840 939 870 ut
970 831 1090 878 liceat,
1113 845 1209 881 pace
1230 831 1336 882 quod
1359 831 1423 869 fiat
1442 837 1519 877 tua,

182 897 284 935 Dare
314 897 400 935 huic
432 910 532 947 quae
562 898 751 944 volumus,
782 897 989 936 convenire
1020 905 1057 935 et
1087 897 1283 948 conloqui.

184 961 316 1000 THR.
350 962 596 1013 Perpulchra,
626 963 752 1009 credo,
785 963 909 1009 dona;
949 962 1053 1001 haud
1083 962 1202 1002 nostri
1233 962 1381 1000 similia.

182 1029 260 1067 PA.
304 1028 383 1066 Res
427 1029 620 1067 indicabit.
679 1025 840 1081 [calling
883 1031 957 1066 suso
1001 1028 1168 1067 LAcflEs'
1211 1026 1350 1080 house]
1395 1027 1517 1073 Heus,

401 1095 527 1132 iubete
557 1095 651 1133 istos
682 1094 782 1132 foras

182 1158 309 1205 Exire,
339 1171 439 1209 quos
469 1159 572 1205 iussi,
603 1160 722 1197 ocius.
783 1156 836 1211 [A
871 1160 971 1196 slave
999 1158 1131 1208 brings
1165 1164 1226 1196 ou!
1255 1158 1448 1197 CHAEREA
1479 1159 1518 1196 in

400 1224 566 1262 Easlern
606 1225 708 1262 dress
737 1225 817 1261 and
843 1237 894 1261 an
923 1223 1134 1274 Ethiopian
1167 1222 1398 1277 slave-girh]
1457 1223 1519 1262 En

400 1289 585 1327 famulum
617 1289 706 1327 tibi:
1455 1303 1518 1337 370

182 1355 314 1401 Quam
344 1355 487 1394 liberali
518 1355 635 1393 faciel
675 1367 792 1405 quam
823 1361 947 1392 aetate
977 1355 1145 1404 integra!
1395 1352 1403 1357 '

181 1420 311 1459 THA.
347 1421 405 1460 Ita
443 1433 503 1458 me
543 1421 580 1458 di
624 1428 764 1467 ament,
795 1419 960 1458 honestu
987 1418 1044 1458 'st.
1103 1419 1182 1458 PA.
1225 1418 1332 1466 Quid
1371 1426 1410 1457 tu
1448 1419 1515 1472 ais,

399 1487 585 1525 Gnatho?
615 1482 939 1539 [lrz'zmsphanlly]

183 1552 384 1603 Numquid
414 1552 534 1590 habes
564 1552 670 1603 quod
690 1552 946 1591 contemnas?
986 1551 1076 1601 quid
1107 1558 1145 1589 tu
1175 1557 1313 1597 autem,
1336 1549 1517 1592 Thraso?

182 1617 355 1664 Tacent;
395 1618 485 1656 satis
516 1618 686 1656 laudant.
744 1616 820 1655 Fac
851 1616 1037 1666 periclum
1068 1617 1105 1654 in
1136 1616 1276 1662 litteris,

182 1684 259 1722 Fac
288 1685 326 1721 in
355 1684 556 1734 palaestra,
587 1685 625 1721 in
655 1683 832 1720 musicis:
874 1695 973 1732 quae
1003 1682 1166 1720 liberum
1451 1694 1512 1728 375

183 1750 289 1788 Scire
318 1761 484 1800 aequom
515 1756 571 1788 est
601 1748 899 1795 adulescentem,
932 1747 1125 1786 sollertem
1155 1747 1267 1785 dabo.

181 1818 310 1866 Atque
340 1815 434 1853 haec
464 1815 528 1865 qui
559 1815 672 1860 misit,
704 1826 784 1852 non
815 1814 883 1852 sibi
913 1813 982 1852 soli
1011 1812 1176 1863 postulat

182 1881 242 1920 Te
272 1881 405 1927 vivere,
436 1887 473 1918 et
503 1892 571 1918 sua
599 1892 715 1918 causa
744 1879 895 1917 excludi
926 1886 1096 1926 ceteros;

182 1945 293 2000 [wilh
339 1948 513 1996 scathing
560 1943 765 1999 contempt]
815 1945 952 1996 Neque
1002 1957 1152 1996 pugnas
1201 1952 1340 1990 narrat,
1388 1955 1514 1994 neque

398 2013 592 2051 cicatrices
621 2024 710 2050 suas

181 2078 385 2126 Ostentat3
425 2090 550 2128 neque
579 2078 646 2116 tibi
676 2078 811 2124 obstat,
843 2077 949 2127 quod
979 2076 1138 2127 quidam
1168 2075 1281 2113 facit:
1450 2081 1513 2121 380

181 2143 341 2190 Verum,
372 2144 436 2181 ubi
466 2144 671 2182 molestum
701 2156 780 2182 non
809 2143 890 2189 erit,
922 2143 986 2180 ubi
1017 2148 1056 2180 tu
1085 2142 1199 2188 voles,
1258 2137 1262 2142 ’

181 2210 256 2247 Vbi
287 2217 438 2260 tempus
467 2210 531 2248 tibi
561 2210 640 2256 erit,
672 2217 729 2248 sat
758 2208 884 2254 habet,
915 2208 946 2246 si
975 2216 1056 2245 tum
1088 2207 1275 2258 recipitur.
