1548 2500
121 67 171 93 sc.
191 66 228 91 v1
655 53 910 91 FAMVLVS
1397 60 1445 94 39

601 202 855 245 SCAENA
897 203 961 244 VI

120 303 362 365 THRASO.
409 303 661 343 GNATHO.
712 303 902 342 SANGA.
948 303 1225 343 CHREMES.
1277 306 1446 345 THAIS
1521 294 1525 297 ’

121 388 261 443 [Enler
281 389 444 429 THRASO
459 390 642 439 sbllowed
660 391 703 441 ργ
724 390 896 430 GNATHO
916 392 994 429 and
1009 405 1032 428 a
1052 393 1199 442 ragged
1214 395 1393 443 regz'menl
1410 395 1459 444 of

265 456 384 493 slaves
414 456 545 494 armed
559 457 648 494 with
671 458 824 494 various
844 457 1040 495 household
1060 456 1310 510 z'mplemenls.]

122 542 254 581 THR.
311 540 564 595 [blusterzbzg]
613 542 793 582 Hancine
841 557 915 593 ego
962 551 1001 581 ut
1049 545 1320 583 contumeliam
1370 552 1448 584 tam

336 608 526 658 insignem
554 609 593 645 in
622 620 683 646 me
712 609 911 658 accipiam,
943 609 1125 647 Gnatho?

123 673 225 711 Mori
254 685 315 711 me
345 674 500 711 satiu'st.
559 673 726 719 Simalio,
758 673 912 719 Donax,
945 673 1107 723 Syrisce,
1140 675 1354 724 sequimini.

122 738 293 776 Primum
322 738 437 777 aedes
470 739 713 789 expugnabo.
771 738 858 776 GN.
891 739 1022 777 Recte.
1083 739 1217 777 THR.
1247 739 1448 792 Virginem

339 804 504 854 eripiam.
562 803 651 842 GN.
682 805 818 842 Probe.

123 868 255 907 THR.
285 869 390 907 Male
410 869 591 907 mulcabo
612 870 746 919 ipsam.
804 869 896 907 GN.
925 869 1095 908 Pulchre.
1153 870 1285 908 THR.
1315 869 1452 925 [form-

339 937 405 983 ing
433 935 488 972 llze
516 936 635 972 slaves
664 933 744 988 up]
784 936 831 973 In
869 935 1040 974 medium
1079 935 1154 974 huc
1194 948 1334 986 agmen
1364 949 1450 974 cum

338 1000 448 1045 vecti,
479 999 645 1047 Donax3
1388 1008 1453 1049 564

124 1066 200 1112 Tu,
223 1065 392 1115 Simalio,
415 1065 455 1102 in
484 1066 677 1103 sinistrum
706 1078 864 1105 cornum
878 1078 888 1111 ,·
920 1074 959 1104 tu
991 1066 1150 1116 Syrisce,
1173 1067 1211 1104 in
1241 1066 1453 1105 dexterum.

124 1132 233 1170 Cedo
263 1132 380 1178 alios3
420 1131 485 1169 ubi
515 1132 689 1170 centurio
718 1130 764 1170 'st
804 1131 944 1181 Sanga,
980 1139 1016 1169 et
1047 1132 1265 1182 manipulus
1299 1131 1455 1169 furum?

342 1196 416 1235 SA.
439 1194 602 1249 [coming
605 1198 797 1247 forwczrd
813 1198 903 1235 wz'llz
925 1211 948 1234 α
969 1195 1131 1250 sponge]
1152 1197 1312 1243 Eccum,
1335 1197 1453 1236 adest.

125 1263 255 1301 THR.
295 1262 412 1310 Quid,
451 1262 615 1312 ignave?
653 1262 869 1312 peniculon'
910 1275 1094 1313 pugnare,
1126 1263 1191 1313 qui
1230 1263 1342 1301 istum
1382 1262 1455 1301 huc

340 1335 479 1378 portes,
511 1328 684 1377 cogitas?

127 1393 202 1433 SA.
234 1391 344 1446 [wilh
369 1407 391 1430 α
420 1394 492 1431 low
520 1390 627 1445 bow]
657 1393 822 1443 Egone?
864 1394 1104 1443 imperatoris
1134 1394 1309 1432 virtutem
1340 1406 1455 1432 nove-

342 1471 435 1505 ram,
467 1465 504 1496 et
533 1459 608 1495 vim
638 1459 824 1497 militum:

128 1525 218 1563 Sine
274 1525 460 1574 sanguine
482 1565 486 1571 ,
506 1524 581 1562 hoc
634 1524 712 1562 fieri
760 1536 840 1562 non
886 1537 1023 1574 posse:
1082 1525 1146 1576 qui
1196 1525 1455 1574 abstergerem

342 1590 497 1628 volnera
513 1589 525 1627 ἒ
556 1587 614 1642 [z'n
634 1603 684 1627 cm
704 1591 858 1638 z'njured
871 1588 979 1643 lona]

128 1655 262 1694 THR.
304 1655 382 1693 Vbi
420 1655 510 1693 alii?
558 1655 632 1693 SA.
675 1655 766 1701 Qui,
806 1656 963 1701 malum,
997 1655 1136 1694 ‘alii’?
1176 1654 1280 1694 solus
1313 1655 1458 1693 Sannio

172 1724 175 1726 ’
345 1728 467 1759 servat
497 1721 614 1759 domi.
1395 1734 1458 1768 570

129 1786 213 1841 [SA.
236 1787 373 1825 dresses
392 1787 448 1824 tlze
467 1783 572 1838 linea]
594 1786 728 1824 THR.
761 1786 824 1824 Tu
845 1786 961 1824 hosce
982 1787 1146 1832 instrue5
1187 1783 1334 1838 [relz'res
1355 1791 1388 1823 lo
1403 1786 1460 1823 she

345 1847 463 1901 ream]
510 1861 584 1899 ego
631 1862 696 1888 ero
742 1857 829 1899 post
876 1849 1086 1899 principia:
1146 1849 1234 1886 inde
1281 1849 1460 1887 omnibus

347 1916 500 1966 signum
530 1915 646 1953 dabo.

131 1980 219 2020 GN.
249 1981 343 2018 Illuc
372 1988 428 2017 est
459 1992 615 2030 sapere:
646 1987 687 2018 ut
721 1981 839 2019 hosce
878 1981 1066 2027 instruxit,
1107 1980 1213 2030 ipsus
1252 1980 1324 2018 sibi
1364 1979 1461 2017 cavit

346 2045 442 2083 loco.
473 2043 622 2098 [asida]

131 2111 264 2150 THR.
303 2109 413 2149 Idem
450 2110 523 2149 hoc
566 2112 641 2149 iam
685 2111 823 2161 Pyrrus
863 2110 1051 2149 factitavit.
1110 2109 1198 2148 CH.
1240 2110 1378 2149 Viden'
1408 2118 1460 2157 tu,

346 2176 483 2223 Thais,
514 2189 631 2227 quam
660 2176 719 2215 hic
749 2189 828 2214 rem
858 2175 962 2226 agit?
