1548 2500
105 66 158 94 sc.
177 66 246 92 vm
640 51 899 89 FAMVLVS
1120 75 1123 77 -
1381 56 1427 92 51

557 238 810 281 SCAENA
853 239 968 281 VIII

159 352 433 392 CHAEREA.
491 352 772 391 PARMENO.
830 352 1084 392 GNATHO.
1141 332 1379 392 THRASO.

617 418 901 456 PHAEDRIA

252 515 464 570 [CHAEREA
493 518 622 556 rushes
650 519 828 567 exciledly
840 518 951 567 from
983 517 1121 557 THAis’
1150 516 1289 570 house]

103 616 191 670 CH.
224 616 259 655 O
289 616 504 666 populares,
537 617 668 666 ecquis
698 628 758 653 me
788 615 900 654 hodie
931 617 1017 654 vivit
1047 617 1298 655 fortunatior?

103 681 232 720 Nemo
261 681 387 720 hercle
416 681 645 731 quisquam:
686 693 775 719 nam
814 681 853 718 in
892 693 953 718 me
991 681 1104 731 plane
1140 682 1177 719 di
1206 688 1433 731 potestatem

320 759 429 785 suam

103 813 273 851 Omnem
294 812 507 858 ostendere,
530 812 621 862 quoi
638 819 716 850 tam
739 812 864 850 subito
882 819 936 850 tot
953 812 1198 862 congruerint
1214 812 1433 851 commoda.

102 878 181 916 PA.
212 875 364 930 [asida]
394 877 500 924 Quid
529 877 590 916 hic
620 877 739 916 laetus
769 879 851 916 est?
910 876 998 915 CH.
1028 877 1064 916 O
1095 878 1285 916 Parmeno
1315 878 1378 924 mi,
1410 890 1434 916 o

318 955 490 981 mearum
518 943 757 992 voluptatum
787 943 960 981 omnium
1372 958 1433 992 779

101 1008 294 1054 Inventor,
323 1008 508 1057 inceptor,
531 1007 732 1057 perfector,
756 1008 848 1046 scin'
870 1020 931 1046 me
952 1008 991 1045 in
1012 1008 1151 1058 quibus
1172 1008 1242 1047 sim
1264 1004 1435 1059 gaudiis?

103 1073 184 1111 Scis
213 1072 453 1123 Pamphilam
484 1085 611 1110 meam
640 1073 835 1111 inventam
865 1074 1014 1112 civem?
1054 1073 1131 1111 PA.
1161 1073 1312 1111 Audivi.
1342 1073 1433 1113 CH.

319 1138 401 1176 Scis
430 1150 616 1189 sponsam
645 1138 765 1176 mihi?

102 1203 180 1242 PA.
201 1202 317 1251 Bene,
339 1204 390 1242 ita
409 1216 470 1241 me
492 1203 530 1242 di
549 1211 690 1249 ament,
713 1203 864 1242 factum.
924 1203 1012 1242 GN.
1041 1201 1162 1256 [ascale
1181 1209 1214 1242 lo
1237 1203 1435 1257 Tamo]

318 1268 460 1307 Audin'
509 1276 561 1315 tu,
610 1268 670 1308 hic
718 1269 810 1320 quid
859 1268 936 1308 ait?
1008 1269 1098 1309 CH.
1154 1269 1257 1308 Turn
1307 1277 1435 1308 autem

320 1334 528 1372 Phaedriae

103 1399 197 1439 Meo
225 1398 329 1438 fratri
359 1399 510 1449 gaudeo
540 1411 623 1438 esse
654 1409 826 1437 amorem
856 1411 1011 1438 omnem
1036 1399 1075 1437 in
1097 1400 1327 1451 tranquillo:
1359 1412 1436 1439 una

320 1464 366 1502 ’st
397 1465 558 1503 domus:

102 1529 226 1567 Tha'ss
255 1529 350 1579 patri
383 1541 423 1566 se
454 1529 759 1567 commendavit:
801 1529 840 1566 in
870 1528 1086 1568 clientelam
1116 1536 1153 1568 et
1181 1529 1296 1568 fidem

101 1593 227 1632 Nobis
255 1593 359 1631 dedit
387 1606 439 1632 se.
499 1594 576 1632 PA.
607 1593 745 1633 Fratris
784 1594 898 1644 igitur
940 1594 1068 1634 Tha'ss
1111 1601 1190 1634 tota
1230 1593 1285 1633 'st.
1344 1594 1434 1633 CH.

320 1658 482 1697 Scilicet.
1374 1667 1434 1708 785

103 1723 181 1762 PA.
225 1723 309 1761 Iam
352 1723 427 1761 hoc
467 1723 570 1762 aliud
613 1730 683 1771 est,
713 1724 820 1775 quod
849 1724 1109 1774 gaudeamus:
1150 1724 1257 1763 miles
1286 1724 1437 1775 pellitur

318 1786 433 1826 foras.

103 1851 193 1891 CH.
223 1851 287 1890 Tu
316 1853 438 1899 frater,
469 1853 534 1890 ubi
564 1854 628 1891 ubi
657 1860 725 1899 est,
755 1854 814 1892 fac
844 1854 1131 1905 quamprimum
1166 1853 1261 1893 haec
1296 1855 1435 1893 audiat.

320 1918 398 1956 PA.
427 1917 561 1956 Visam
592 1918 709 1957 domi.
843 1916 970 1971 [Exit
995 1920 1069 1957 z'nlo
1100 1918 1266 1960 LAcHEs’
1296 1917 1436 1973 house]

103 1981 198 2021 TH.
228 1981 442 2035 Numquid,
464 1982 632 2030 Gnatho,
654 1991 696 2022 tu
725 1983 886 2031 dubitas,
908 1985 1000 2035 quin
1031 1997 1104 2034 ego
1124 1997 1228 2024 nunc
1249 1993 1437 2037 perpetuo

320 2048 528 2098 perierim?

104 2112 195 2153 GN.
227 2112 316 2152 Sine
338 2112 466 2159 dubio,
488 2113 639 2169 opinor.
696 2114 785 2154 CH.
807 2114 913 2163 Quid
932 2127 1238 2156 commemorem
1258 2116 1437 2168 primum,

321 2184 386 2217 aut
414 2177 568 2218 laudem
597 2180 806 2218 maxume?

738 2263 806 2290 122
