1548 2500
98 109 151 136 sc.
173 109 201 134 11
632 95 889 133 FAMVLVS
1379 102 1425 144 13

99 199 205 248 Quid
234 200 361 237 stabas
391 198 477 237 hic?
512 210 609 249 quor
639 211 717 236 non
747 199 846 238 intro
875 200 983 238 ibas?
1041 200 1120 238 PA.
1153 200 1334 239 Ceterum

98 265 159 303 De
187 264 405 303 exclusione
434 265 593 302 verbum
623 264 781 303 nullum.
839 264 934 304 TH.
963 265 1069 312 Quid
1098 266 1227 304 taces?

98 330 185 370 PH.
217 330 330 377 Sane,
360 330 450 381 quia
477 342 566 368 vero
595 330 665 368 hae
694 329 786 368 mihi
815 337 946 380 patent
975 342 1127 381 semper
1154 330 1267 376 fores,

97 397 177 434 Aut
206 396 296 446 quia
325 388 410 434 sum
439 395 543 446 apud
571 402 606 434 te
635 396 788 445 primus.
849 396 944 435 TH.
975 395 1096 434 Missa
1125 396 1240 434 istaec
1269 396 1364 434 face.
1386 413 1427 444 45

100 461 186 500 PH.
217 460 335 508 Quid,
366 458 558 499 ‘missa'?
596 473 620 499 o
651 460 788 506 Thai's,
819 460 956 508 Thai's,
987 462 1134 499 utinam
1162 468 1261 508 esset
1290 461 1381 498 mihi

101 525 194 563 Pars
223 537 347 575 aequa
376 526 517 564 amoris
547 532 684 571 tecum,
715 538 758 564 ac
788 526 926 575 pariter
955 526 1071 572 fieret,

101 590 153 628 Vt
183 597 247 629 aut
275 590 349 629 hoc
378 590 445 628 tibi
474 590 616 628 doleret
645 590 788 636 itidem,
818 598 859 628 ut
889 591 982 628 mihi
1012 591 1127 637 dolet,

100 656 179 694 Aut
207 667 282 705 ego
310 656 407 693 istuc
437 656 505 693 abs
535 662 571 693 te
600 655 742 693 factum
772 655 839 692 nili
867 656 1086 705 penderem.

103 720 197 759 TH.
228 720 289 758 Ne
317 721 444 759 crucia
473 727 520 766 te,
551 721 725 765 obsecro,
756 720 882 758 anime
912 721 976 766 mi,
1007 722 1058 757 mi
1089 721 1286 760 Phaedria.
1390 738 1432 770 50

102 786 195 825 Non
222 786 300 836 pol,
322 784 409 836 ‘quo
439 797 674 836 quemquam
704 785 789 835 plus
818 791 957 832 amem,
987 792 1051 824 aut
1080 786 1164 836 plus
1194 786 1361 836 diligam,

101 851 162 891 Eo
191 852 285 900 feci;
325 852 392 890 sed
422 852 473 890 ita
502 858 580 889 erat
610 864 692 890 res:
730 851 952 890 faciundum
973 851 1050 890 fuit.

102 917 179 956 PA.
210 917 347 964 Credo,
378 924 418 955 ut
447 918 499 963 fit,
529 917 665 956 misera
695 929 785 967 prae
814 929 944 956 amore
974 918 1131 956 exclusti
1160 917 1261 956 hunc
1290 917 1404 956 foras.

103 982 198 1022 TH.
232 983 358 1022 Sicine
387 984 481 1033 agis,
512 983 730 1020 Parmeno?
769 995 851 1032 age.
910 982 995 1029 Sed,
1027 983 1100 1022 huc
1130 996 1207 1033 qua
1234 985 1355 1033 gratia

105 1047 167 1087 Te
195 1049 338 1087 accersi
368 1049 470 1094 iussi,
501 1048 683 1087 ausculta.
742 1047 828 1086 PH.
860 1048 954 1086 Fiat.
1014 1048 1105 1086 TH.
1135 1048 1209 1087 Dic
1239 1049 1332 1087 mihi
1389 1067 1429 1097 55

101 1114 192 1152 Hoc
222 1114 411 1164 primum;
444 1113 562 1163 potin'
582 1120 639 1151 est
657 1113 718 1151 hic
746 1115 895 1151 tacere?
953 1113 1030 1151 PA.
1061 1113 1225 1163 Egone?
1258 1121 1430 1164 optume.

103 1179 249 1217 Verum
278 1179 373 1217 heus
402 1186 454 1225 tu,
484 1178 556 1217 hac
586 1179 669 1228 lege
700 1179 765 1216 tibi
795 1191 923 1216 meam
951 1179 1149 1228 adstringo
1178 1179 1316 1225 fidem;

112 1243 224 1291 Quae
254 1256 341 1282 vera
370 1244 506 1289 audivi,
539 1251 660 1289 taceo,
692 1250 728 1282 et
757 1244 936 1282 contineo
966 1251 1145 1294 optume:

105 1309 171 1347 Sin
201 1309 351 1356 falsum,
382 1315 446 1347 aut
474 1321 627 1355 vanum,
657 1316 722 1347 aut
751 1309 886 1348 fictum
914 1308 973 1356 'st,
1004 1310 1186 1348 continuo
1217 1309 1343 1359 palam
1373 1307 1433 1347 ’st.

105 1374 246 1412 Plenus
274 1374 457 1413 rimarum
487 1386 583 1420 sum,
615 1374 685 1412 hac
717 1380 830 1424 atque
861 1374 945 1413 illac
976 1374 1135 1425 perfluo.
1389 1380 1432 1412 60

103 1440 219 1478 Proin
247 1447 301 1486 tu,
330 1440 446 1478 taceri
476 1440 506 1477 si
535 1440 601 1485 vis,
632 1452 718 1477 vera
747 1440 874 1478 dicito.

104 1504 199 1543 TH.
231 1504 359 1543 Samia
387 1504 479 1542 mihi
509 1511 629 1542 mater
656 1504 745 1542 fuit:
776 1517 821 1542 ea
850 1504 1045 1543 habitabat
1075 1504 1214 1543 Rhodi.

103 1570 181 1608 PA.
214 1568 325 1622 [with
353 1567 652 1622 condescensz'on]
685 1570 815 1608 Potest
844 1571 961 1608 taceri
991 1569 1074 1607 hoc.
1133 1569 1229 1607 TH.
1260 1569 1320 1606 Ibi
1348 1576 1429 1607 turn

318 1635 427 1673 matri
457 1635 652 1685 parvolam

102 1699 272 1739 Puellam
301 1700 406 1738 dono
434 1701 594 1750 quidam
623 1706 814 1738 mercator
843 1699 957 1746 dedit,

100 1765 161 1802 Ex
181 1765 309 1804 Attica
327 1765 415 1803 hinc
437 1755 649 1815 abreptam.
691 1765 776 1803 PH.
799 1765 1009 1803 Civemne?
1050 1764 1141 1802 TH.
1162 1764 1336 1803 Arbitror
1348 1774 1359 1811 ς
1390 1770 1433 1811 65

102 1830 260 1869 Certum
289 1843 369 1869 non
399 1831 558 1869 scimus:
600 1831 730 1869 matris
754 1842 897 1868 nomen
926 1838 961 1868 et
991 1830 1108 1880 patris

101 1895 265 1934 Dicebat
293 1896 398 1945 ipsa:
436 1896 598 1945 patriam
628 1902 663 1933 et
696 1896 805 1946 signa
835 1903 961 1933 cetera

103 1960 242 2011 Neque
270 1960 399 2009 scibat,
433 1953 556 2011 neque
586 1973 653 2010 per
683 1967 850 1999 aetatem
879 1961 993 1998 etiam
1023 1960 1122 2009 potis
1150 1966 1242 1997 erat.

104 2026 300 2064 Mercator
326 2025 400 2064 hoc
429 2025 614 2071 addebat;
655 2038 675 2063 e
708 2024 978 2075 praedonibus,

103 2091 219 2128 Vnde
248 2097 405 2136 emerat,
436 2103 476 2128 se
508 2090 672 2135 audisse,
703 2091 902 2139 abreptam
932 2103 952 2127 e
984 2089 1113 2127 Sunio.
1393 2102 1430 2136 70

104 2155 244 2201 Mater,
275 2156 339 2192 ubi
369 2156 526 2204 accepit,
558 2156 682 2205 coepit
713 2155 879 2193 studiose
910 2156 1041 2192 omnia

105 2220 269 2267 Docere,
299 2220 471 2267 educere,
503 2221 552 2258 ita
582 2222 635 2258 uti
666 2220 695 2258 si
726 2228 824 2260 esset
854 2220 940 2258 filia.
964 2259 966 2262 ,
