1548 2500
112 100 163 126 sc.
185 100 227 125 111
652 84 908 124 FAMVLVS
1392 86 1439 122 23

114 190 315 237 Incurvus,
344 189 540 236 tremulus,
571 190 678 227 labiis
706 189 890 236 demissis,
921 201 1103 239 gemens:

112 253 320 308 [z'mz'lalz'ng
347 255 405 293 the
423 260 590 305 gestures
617 255 694 293 and
719 255 835 293 shrz‘ll
860 256 955 293 voice
983 256 1031 305 of
1048 268 1071 292 a
1086 255 1206 305 sussy
1234 255 1297 292 old
1327 252 1440 306 bora]

115 320 249 358 ‘Heus
277 320 384 366 heus,
414 321 483 358 tibi
512 321 609 367 dico,
641 319 837 365 Chaerea,'
867 321 1002 370 inquit.
1059 319 1208 358 Restiti.

115 385 240 423 ‘Scin'
269 386 360 435 quid
390 398 464 435 ego
493 393 530 424 te
558 386 782 425 volebam?’
839 384 958 424 ‘Dic.’
1018 385 1136 424 ‘Cras
1165 393 1223 423 est
1253 385 1345 423 mihi

111 450 325 488 Iudicium.'
382 451 511 498 ‘Quid
539 449 670 490 turn?'
730 451 805 490 ‘Vt
833 451 1030 501 diligenter
1059 452 1212 489 nunties
1379 455 1440 496 265

113 515 225 562 Patri,
256 515 465 555 advocatus
493 528 607 554 mane
635 517 689 554 mi
718 529 800 554 esse
830 524 871 554 ut
901 515 1140 555 meminerit.'

112 581 216 619 Dum
246 581 340 620 haec
371 582 549 632 loquitur,
581 582 673 620 abiit
704 582 809 620 hora.
869 582 994 632 Rogo,
1026 594 1118 619 num
1150 581 1241 632 quid
1270 581 1384 619 velit?

114 646 286 692 ‘Recte,'
316 647 447 697 inquit.
505 647 642 685 Abeo:
679 659 767 685 cum
798 647 872 685 huc
902 647 1064 697 respicio
1093 647 1140 684 ad
1171 647 1368 696 virginem.

112 712 182 749 Illa
210 723 292 750 sese
321 713 464 750 interea
493 712 743 750 commodum
773 712 847 749 huc
878 712 1091 749 advorterat

113 777 157 814 In
188 776 287 814 hanc
316 784 485 815 nostram
516 777 694 826 plateam.
752 776 828 814 PA.
868 774 1019 830 [asida]
1059 776 1215 821 Mirum.
1258 777 1294 814 ni
1339 776 1439 815 hanc

328 842 428 887 dicit,
460 842 578 880 modo
1377 855 1441 888 270

112 908 215 945 Huic
235 919 334 957 quae
355 907 444 945 data
464 907 569 945 dono
584 907 639 944 ’st.
699 907 785 944 CH.
809 907 899 945 Huc
919 919 1008 945 cum
1029 906 1204 947 advenio.
1223 906 1323 945 nulla
1346 914 1437 945 erat.

112 973 190 1010 PA.
221 972 392 1011 Comites
421 973 538 1010 secuti
569 972 711 1010 scilicet
742 979 828 1010 sunt
857 973 1069 1022 virginem?

113 1037 202 1077 CH.
231 1037 401 1083 Verum;
440 1039 631 1087 parasitus
660 1049 749 1075 cum
780 1037 924 1075 ancilla.
984 1037 1060 1075 PA.
1095 1038 1184 1087 Ipsa
1218 1038 1285 1074 'stz
1327 1036 1438 1082 ilicet,

112 1102 278 1150 Desine3
314 1104 390 1140 iam
421 1103 706 1141 conclamatum
736 1102 794 1140 'st.
857 1102 944 1140 CH,
974 1103 1080 1140 Alias
1108 1115 1169 1140 res
1198 1103 1290 1152 agis.

111 1168 191 1206 PA.
232 1168 334 1206 Istuc
377 1180 452 1217 ago
494 1167 683 1218 equidem.
741 1167 828 1205 CH.
867 1165 1095 1220 [excitedly]
1134 1167 1300 1213 Nostin',
1340 1179 1440 1217 quae

328 1233 399 1271 sit?
433 1233 492 1271 dic
522 1233 624 1278 mihi,
1375 1248 1436 1280 255

111 1296 316 1336 Vidistin'?
374 1298 452 1335 PA.
483 1298 584 1344 Vidi,
616 1299 726 1336 novi:
769 1299 858 1344 scio,
890 1311 967 1349 quo
997 1299 1161 1336 abducta
1191 1300 1248 1337 sit.

111 1364 202 1403 CH.
230 1363 328 1409 Eho,
360 1363 551 1402 Parmeno
581 1364 644 1409 mi,
675 1364 840 1402 nostin'?
875 1371 910 1401 et
939 1364 1024 1410 scis,
1056 1364 1121 1401 ubi
1151 1364 1244 1401 siet?

110 1429 190 1467 PA.
225 1429 316 1467 Huc
352 1428 515 1467 deducta
552 1427 598 1466 'st
636 1428 683 1466 ad
724 1428 953 1478 pulchellam
995 1428 1212 1466 Thaidem:
1261 1429 1293 1466 ei
1334 1428 1438 1467 dono

327 1494 415 1533 data
444 1493 500 1532 'st.

111 1559 200 1598 CH.
230 1560 328 1607 Quis
358 1561 389 1598 is
419 1567 475 1597 est
504 1566 582 1597 tam
612 1566 750 1609 potens
774 1571 861 1597 curn
887 1568 993 1597 tanto
1019 1571 1174 1597 munere
1200 1559 1301 1597 hoc?
1359 1559 1437 1596 PA.

327 1623 441 1662 Miles
471 1623 634 1670 Thraso,

111 1690 320 1732 Phaedriae
350 1689 485 1727 rivalis.
543 1688 630 1726 CH.
662 1689 789 1728 Duras
819 1689 941 1727 fratris
971 1696 1097 1740 partes
1126 1688 1331 1739 praedicas.
1374 1696 1437 1726 280

111 1755 189 1793 PA.
220 1755 360 1803 Immo,
392 1755 423 1792 si
454 1755 563 1800 scias,
595 1754 699 1804 quod
729 1754 876 1793 donum
907 1754 992 1792 huic
1023 1754 1126 1792 dono
1162 1762 1293 1792 contra
1329 1766 1436 1792 corn-

324 1827 442 1870 paret,

111 1885 238 1936 Magis
283 1885 321 1922 id
368 1884 482 1922 dicas.
540 1884 628 1922 CH.
677 1884 902 1931 Quodnam,
951 1896 1095 1934 quaeso
1143 1884 1294 1922 hercle?
1359 1884 1436 1923 PA.

325 1949 541 1988 Famulumj
596 1949 684 1988 CH.
714 1949 888 1989 Illumne,
920 1950 1092 1995 obsecro,

110 2015 362 2054 Inhonestum
405 2014 614 2063 hominem,
662 2026 778 2064 quem
819 2022 1012 2053 mercatus
1059 2022 1115 2052 est
1165 2014 1255 2058 heri,
1305 2025 1436 2052 senem

324 2079 547 2117 mulierem?

111 2146 188 2184 PA.
219 2146 352 2184 Istunc
382 2146 521 2194 ipsum.
579 2144 666 2183 CH.
698 2145 831 2183 Homo
862 2145 1053 2195 quatietur
1084 2152 1183 2182 certe
1215 2155 1303 2182 cum
1331 2143 1436 2183 dono

327 2209 435 2249 foras,
