1611 2543
215 67 263 100 32
712 64 750 101 P.
792 63 1041 102 TERENTI
1418 75 1490 102 Ac'r
1512 77 1548 102 ιν

214 165 356 203 Saltem
388 166 460 203 hoc
492 166 628 204 licebit.
689 166 801 204 Certe
831 173 1003 204 extrema
1033 166 1132 203 linea

213 229 367 278 Amare,
399 230 501 270 haud
532 231 584 268 nil
615 231 695 269 est?
753 230 893 269 Villam
925 238 1123 280 praetereo
1154 231 1288 269 sciens.

214 295 289 333 Sed
318 296 411 346 quid
441 296 527 343 hoc,
558 296 665 346 quod
695 296 826 334 timida
855 297 981 334 subito
1011 297 1201 346 egreditur
1232 295 1415 346 Pythias?

332 358 412 413 [He
439 362 568 399 ἄνατος
597 361 686 398 back
714 375 756 398 as
786 361 959 400 PYTfflAs
988 362 1116 399 rushes
1129 363 1241 411 from
1271 358 1411 400 Tuus'
1441 361 1549 399 house

366 424 516 472 grem-ly
543 424 707 472 agz'lczled
732 428 773 460 al
799 424 1029 472 dzlvcovcrz'ng
1059 424 1140 461 that
1166 423 1358 463 CHAEREA
1379 423 1450 461 has
1469 436 1543 461 run

373 501 482 537 awcgy
509 489 602 526 with
631 486 872 540 PAmpmm]

707 632 963 675 SCAENA
1009 633 1052 674 II

588 732 839 772 PYTHIAS.
898 734 1184 772 PHAEDRIA

209 819 287 858 PY.
319 818 535 872 [wrz'ngz'ng
554 821 620 858 her
640 819 792 874 hands]
822 821 898 858 Vbi
919 834 993 871 ego
1013 822 1117 860 illum
1138 822 1373 860 scelerosum
1404 821 1546 860 misera

368 897 373 903 ’
424 891 539 935 atque
559 885 720 935 impium
741 886 961 924 inveniam?
992 893 1055 924 aut
1076 887 1140 924 ubi
1161 874 1372 938 quaeram?
1476 899 1539 933 450

208 951 363 990 Hocine
394 957 473 988 tam
503 950 628 988 audax
660 950 807 989 facinus
836 951 960 989 facere
990 964 1072 990 esse
1103 954 1262 990 ausum!
1301 951 1408 1002 perii.
1455 950 1544 990 PH.

425 1014 574 1068 [asida]
607 1016 698 1054 Hoc
730 1016 823 1067 quid
847 1017 907 1064 sit,
939 1029 1082 1056 vereor.

205 1080 285 1120 PY.
317 1081 395 1129 Qui
415 1081 577 1120 domum
597 1082 658 1119 vix
690 1088 860 1120 nostram
882 1083 1039 1120 intrarat
1059 1095 1148 1121 cum
1168 1082 1350 1133 fugitivos
1371 1081 1544 1132 protinus

204 1146 254 1185 Et
284 1159 324 1185 se
354 1146 443 1185 hinc
473 1146 637 1193 abstulit,
658 1147 794 1194 scelus,
816 1155 852 1186 et
873 1160 1004 1186 secum
1025 1148 1127 1186 illam
1147 1148 1270 1199 ipsam
1294 1154 1334 1186 ut
1359 1147 1542 1186 comitem

421 1212 502 1250 sibi.

205 1277 289 1315 PH.
322 1275 471 1330 [asida]
503 1277 629 1316 Hem!
690 1277 769 1316 PY.
801 1278 878 1325 Qui
907 1291 1011 1317 nunc
1042 1279 1071 1317 si
1105 1279 1214 1317 detur
1243 1278 1346 1324 mihi,

204 1342 256 1380 Vt
294 1356 369 1393 ego
407 1343 599 1392 unguibus
637 1343 750 1381 facile
789 1344 840 1381 illi
879 1344 917 1381 in
955 1344 1090 1383 oculos
1140 1344 1307 1382 involem
1346 1344 1542 1382 venefico!

421 1406 531 1460 [wz'llz
558 1422 608 1446 an
637 1422 761 1458 angry
784 1407 963 1462 gestura]
1476 1424 1542 1457 455

206 1473 289 1511 PH.
320 1473 465 1512 Nescio
489 1473 580 1523 quid
602 1474 789 1523 profecto,
815 1477 974 1513 absente
995 1476 1119 1522 nobis,
1143 1475 1336 1513 turbatum
1359 1474 1404 1512 ’st
1423 1473 1530 1512 domi

202 1539 342 1577 Adibo.
373 1536 484 1591 [calls
512 1544 545 1576 lo
581 1537 784 1592 Pvrnms]
816 1540 923 1586 Quid
954 1541 1078 1579 istuc?
1117 1540 1212 1591 quid
1248 1539 1434 1578 festinas?
1474 1546 1541 1577 aut

419 1616 535 1654 quem
565 1605 728 1654 quaeris,
761 1605 943 1654 Pythias?

203 1668 282 1707 PY.
312 1669 450 1716 Ehem,
491 1668 690 1716 PhaedrIa,
730 1682 804 1719 ego
844 1683 958 1720 quem
998 1671 1208 1720 quaeram?
1247 1667 1446 1722 [buter-ly]
1484 1667 1537 1707 in'

419 1734 519 1781 hinc,
551 1747 629 1786 quo
659 1732 824 1784 dignu's,
856 1748 944 1773 curn
974 1735 1085 1774 donis
1115 1735 1190 1773 tuis

202 1799 304 1838 Tam
334 1800 495 1851 lepidis?
553 1800 639 1838 PH,
670 1800 776 1847 Quid
804 1800 899 1839 istuc
929 1808 985 1839 est
1020 1801 1102 1838 rei?

202 1863 279 1903 PY.
315 1866 448 1914 Rogas
478 1866 568 1904 me?
606 1865 790 1904 famulum
822 1878 938 1916 quem
967 1865 1102 1904 dedisti
1132 1865 1256 1911 nobis,
1279 1877 1377 1916 quas
1409 1866 1541 1904 turbas

418 1930 522 1969 dedit
540 1932 547 1968 ἔ
1472 1937 1540 1978 460

201 1994 413 2045 Virginem,
445 2008 531 2034 erae
566 2007 683 2046 quam
719 1996 825 2034 dono
860 1996 1015 2035 dederat
1050 1996 1170 2043 miles,
1204 1995 1392 2046 surripuit.
1451 1994 1538 2034 PH.

418 2061 524 2108 Quid
554 2062 635 2099 ais?

199 2124 280 2164 PY.
313 2123 526 2179 [weepz'ng.]
567 2126 677 2165 Perii.
737 2125 821 2165 PH.
863 2125 1099 2166 Temulenta
1137 2139 1190 2166 es.
1248 2124 1328 2166 PY..
1377 2125 1538 2166 Vtinam

416 2192 468 2230 sic
498 2192 584 2239 sint,
615 2193 680 2242 qui
711 2192 803 2230 mihi
832 2191 931 2230 male
962 2191 1102 2230 volunt.
