1548 2500
114 94 165 122 sc.
186 95 226 120 1v
643 78 901 118 FAMVLVS
1391 84 1439 119 37

113 186 288 226 Correxit
335 185 442 224 miles
489 185 595 236 quod
638 184 803 223 intellexi
846 183 998 222 minus:
1047 195 1141 221 nam
1179 195 1240 220 me
1280 183 1441 222 extrusit

327 252 441 290 foras.

113 317 190 356 Sed
217 329 352 356 eccam
371 317 516 367 ipsam:
557 315 685 362 miror,
716 315 781 354 ubi
810 327 883 365 ego
912 314 1001 353 huic
1030 314 1312 352 antevorterim.

604 526 862 568 SCAENA
904 526 946 567 V

357 640 540 680 THAIS.
601 639 878 679 CHREMES.
938 638 1179 677 PYTHIAS

271 733 412 789 [Enler
432 736 560 775 THAIS
581 738 618 774 z'n
638 749 732 774 some
751 736 854 774 haste
873 737 954 773 ancl
969 732 1264 787 apprehension]

109 835 203 873 TH.
234 834 361 874 Credo
391 836 570 886 equidem
601 835 704 873 illum
735 836 812 873 iam
841 835 1060 873 adfuturum
1090 847 1184 881 esse,
1215 840 1256 871 ut
1288 833 1389 871 illam
1419 846 1440 870 a

324 913 386 938 me
417 901 575 951 eripiat,·
615 901 696 939 sine
726 902 875 939 veniat:
1379 913 1438 945 535

107 966 225 1017 Atqui
255 966 286 1004 si
314 966 416 1003 illam
456 966 574 1016 digito
608 967 771 1016 attigerit
808 979 899 1013 uno,
939 965 1039 1004 oculi
1078 965 1166 1003 ilico
1197 964 1439 1002 effodientur.

107 1031 242 1082 Vsque
289 1031 386 1069 adeo
433 1032 531 1069 illius
578 1032 671 1070 ferre
717 1044 875 1081 possum
921 1031 1104 1080 ineptiam
1147 1037 1183 1068 et
1231 1028 1439 1079 magnifica

322 1098 448 1143 verba,

107 1161 237 1199 Verba
280 1161 373 1199 dum
416 1162 510 1199 sint:
569 1174 701 1199 verum
741 1162 843 1199 enim
890 1162 919 1199 si
963 1161 1011 1199 ad
1055 1173 1134 1199 rem
1180 1160 1439 1206 conferentur,

322 1227 525 1277 vapulabit.

106 1291 195 1330 CH.
241 1289 401 1344 [calling
437 1292 503 1329 her
543 1290 747 1344 attentiora]
797 1291 933 1336 Thais,
983 1303 1056 1340 ego
1105 1289 1329 1328 iamdudum
1379 1289 1440 1327 hic

322 1354 469 1392 adsum.
529 1354 622 1392 TH.
656 1354 691 1392 O
722 1355 774 1391 mi
795 1352 993 1399 Chremes,
1018 1361 1052 1390 te
1083 1353 1212 1402 ipsum
1243 1359 1439 1400 exspecta-

322 1419 435 1457 bam:

108 1481 209 1522 Scin'
242 1493 281 1522 tu
311 1485 463 1522 turbam
492 1485 592 1523 hanc
623 1492 779 1535 propter
810 1493 844 1522 te
875 1496 957 1522 esse
989 1483 1154 1521 factam?
1196 1491 1232 1520 et
1263 1483 1361 1520 adeo
1391 1482 1439 1519 ad

322 1556 359 1586 te
389 1550 548 1587 attinere
577 1549 678 1587 hanc

106 1615 275 1654 Omnem
303 1617 413 1653 rem?
471 1614 560 1652 CH.
592 1613 701 1668 [zcv'llz
722 1612 920 1667 szaprz'sa]
950 1614 1012 1652 Ad
1043 1615 1129 1652 me?
1169 1614 1249 1664 qui,
1279 1625 1438 1663 quaeso³

319 1681 444 1718 istuc?
503 1680 597 1718 TH.
629 1680 742 1727 Quia,
775 1681 866 1719 dum
896 1680 963 1717 tibi
994 1691 1165 1717 sororem
1197 1678 1334 1716 studeo

106 1737 282 1784 Reddere
320 1758 365 1784 ac
403 1746 609 1792 restituere,
649 1746 744 1784 haec
783 1753 897 1796 atque
937 1743 1156 1783 huiusmodi
1196 1755 1281 1782 sum
1322 1744 1439 1782 multa

348 1822 444 1848 assa.

106 1874 196 1914 CH.
259 1823 345 1913 Vbli)
375 1887 421 1914 ea
460 1874 532 1913 ’st?
602 1875 696 1913 TH.
738 1875 856 1914 Domi
895 1875 999 1925 apud
1038 1887 1112 1912 me.
1172 1874 1260 1913 CH.
1303 1874 1432 1911 Hem!

321 1939 416 1978 TH.
448 1940 554 1987 Quid
583 1942 665 1979 est?

103 2006 254 2044 Educta
282 2006 334 2043 ita
363 2006 416 2043 uti
446 2014 558 2055 teque
589 2006 726 2056 illaque
757 2006 918 2055 dignum
957 2004 1015 2044 'st.
1074 2004 1164 2043 CH.
1205 2004 1314 2051 Quid
1351 2005 1438 2044 ais?

320 2074 416 2113 TH.
449 2076 495 2113 ld
526 2076 632 2126 quod
662 2088 723 2115 res
752 2083 822 2115 est.

106 2139 220 2179 Hanc
250 2141 314 2179 tibi
345 2140 450 2179 dono
480 2141 541 2187 do,
573 2153 697 2192 neque
737 2149 868 2192 repeto
906 2154 977 2191 pro
1017 2142 1078 2179 illa
1117 2141 1326 2192 quicquam
1366 2141 1435 2178 abs

320 2210 354 2241 te
384 2212 488 2253 preu-
1373 2219 1435 2251 545
