1548 2500
298 365 358 418 P.
402 365 521 418 'TE
532 366 639 418 RE
650 366 788 418 NTI
854 363 1242 419 FAMVLVS

441 514 645 557 ACTVS
689 515 1044 558 I.—SCAENA
1086 516 1106 556 I

107 615 248 670 [Scene,
269 616 410 656 Athens
423 632 442 662 ,·
470 632 494 655 a
504 619 615 668 place
633 618 753 656 where
761 619 865 668 four
886 622 1013 655 streels
1036 622 1130 664 meet,
1152 630 1215 655 one
1234 618 1379 667 leading
1401 621 1434 654 lo

215 682 272 720 the
290 682 445 730 Forum,
467 684 618 720 another
637 688 669 720 lo
690 682 864 720 Piraeus.
925 683 982 719 On
1002 683 1058 720 the
1077 683 1182 732 reght
1197 684 1253 720 tlze
1272 684 1379 720 house
1397 684 1446 732 <ff

215 746 356 793 THAxs,
378 761 422 785 on
441 748 498 784 the
516 749 585 799 lest
601 749 683 785 tlzal
700 748 748 797 (ff
760 745 947 799 LACHES.]

460 865 758 904 PHAEDRIA.
815 865 1085 904 PARMENO

108 951 247 1005 [Euler
286 953 491 991 PHAEDRIA
516 954 629 1002 from
669 953 836 992 LACHEs'
867 954 983 990 house.
1044 952 1105 989 Hc
1134 953 1315 989 advances
1343 952 1435 990 lzesz‘-

214 1031 336 1078 lating
337 1042 373 1078 y
392 1030 555 1067 towards
576 1028 713 1067 Tflms'
735 1030 821 1066 door
834 1029 1009 1074 followed
1025 1030 1067 1075 by
1089 1026 1309 1080 Pilumno]

108 1105 194 1143 PH.
226 1105 330 1152 Quid
361 1105 472 1155 igitur
504 1104 668 1143 faciam?
701 1117 777 1142 non
808 1107 920 1143 eam?
953 1118 1000 1142 ne
1031 1118 1133 1143 nunc
1163 1104 1330 1155 quidem,

108 1169 239 1216 Quom
269 1182 443 1208 accersor
472 1170 597 1208 ultro?
636 1183 684 1208 an
714 1170 841 1220 potius
871 1170 921 1207 ita
950 1181 1012 1207 me
1041 1182 1274 1220 comparem,

109 1234 200 1272 Non
231 1235 377 1285 perpeti
406 1235 617 1285 puellarum
648 1235 922 1273 contumelias?

108 1299 303 1339 Exclusit:
342 1308 514 1338 revocat:
557 1300 738 1338 redeam?
776 1313 867 1345 non,
899 1301 928 1338 si
958 1312 1019 1338 me
1050 1301 1232 1338 obsecret.

109 1366 187 1403 PA.
219 1365 416 1416 Siquidem
445 1365 571 1403 hercle
602 1366 736 1415 possis,
766 1366 817 1402 nil
841 1366 957 1415 prius,
989 1378 1113 1415 neque
1144 1365 1296 1404 fortius:
1416 1379 1433 1411 5

109 1430 256 1468 Verum
285 1431 316 1468 si
345 1430 514 1480 incipies,
546 1442 672 1480 neque
700 1430 902 1480 pertendes
932 1431 1086 1476 naviter,

109 1495 248 1546 Atque,
278 1496 343 1533 ubi
372 1496 451 1545 pati
482 1507 560 1533 non
589 1496 742 1545 poteris,
773 1508 861 1533 cum
891 1508 1007 1534 nemo
1037 1502 1202 1546 expetet,

110 1560 256 1599 Infecta
286 1573 393 1611 pace,
424 1560 522 1599 ultro
551 1560 599 1598 ad
628 1572 711 1598 eam
743 1561 881 1606 venies,
913 1561 1084 1599 indicans

110 1627 169 1664 Te
200 1639 341 1673 amare,
372 1634 407 1664 et
439 1626 532 1664 ferre
562 1639 642 1664 non
673 1638 808 1676 posse:
845 1634 974 1664 actum
1004 1633 1071 1671 est,
1103 1626 1213 1669 ilicet,

110 1692 254 1736 Peristi.
309 1691 473 1746 Eludet,
491 1692 555 1729 ubi
584 1697 619 1728 te
649 1692 787 1729 victum
816 1692 985 1730 senserit.
1402 1705 1440 1727 10

111 1757 196 1795 PH.
228 1757 343 1796 Proin
372 1764 422 1803 tu,
454 1757 546 1794 dum
575 1763 632 1794 est
662 1763 825 1806 tempus,
857 1757 970 1794 etiam
1000 1763 1113 1805 atque
1143 1757 1257 1794 etiam
1287 1756 1424 1804 cogita.

111 1822 190 1861 PA.
219 1823 306 1868 Ere,
337 1834 434 1872 quae
465 1834 522 1859 res
552 1822 590 1859 in
621 1833 661 1860 se
691 1834 817 1872 neque
847 1821 1048 1860 consilium
1078 1833 1202 1872 neque
1231 1820 1393 1859 modurn

113 1887 244 1925 Habet
273 1887 404 1932 ullum,
434 1899 520 1924 eam
551 1887 710 1925 consilio
739 1899 868 1937 regere
898 1899 978 1924 non
1007 1893 1128 1936 potes.

112 1952 159 1989 In
188 1963 319 1989 amore
349 1951 443 1990 haec
473 1952 604 1989 om'nia
632 1951 762 1989 insunt
791 1952 905 1989 vitia:
944 1952 1115 1996 iniuriae,

114 2015 370 2066 Suspiciones,
401 2017 630 2063 inimicitiae,
660 2017 839 2063 indutiae,
1404 2029 1440 2062 ¹5

112 2081 275 2127 Bellum,
305 2093 381 2132 pax
411 2094 585 2120 rursum:
627 2083 771 2121 incerta
799 2082 894 2120 haec
926 2082 956 2119 si
986 2088 1025 2119 tu
1054 2081 1224 2132 postules

114 2147 278 2186 Ratione
302 2154 404 2186 certa
432 2147 567 2194 facere,
596 2147 714 2186 nihilo
742 2148 826 2197 plus
855 2159 959 2197 agas,

115 2213 245 2259 Quam
276 2213 306 2251 si
336 2212 402 2251 des
431 2225 601 2263 operam,
633 2220 673 2251 ut
702 2225 790 2251 cum
820 2212 963 2251 ratione
995 2213 1172 2251 insanias.
