1611 2543
186 86 236 129 30
683 89 723 127 P.
763 87 1012 125 TERENTI
1189 128 1192 130 ,
1382 100 1455 127 ACT
1476 99 1519 126 111

663 271 922 315 SCAENA
968 271 1037 312 III

539 385 818 424 CHREMES.
877 383 1121 422 PYTHIAS

209 483 351 538 [Euler
378 485 568 523 CHREMES
597 486 637 522 in
667 499 689 522 a
719 489 810 522 slale
838 485 886 534 (gf
905 485 1113 533 suspicion:
1150 484 1192 521 lze
1213 490 1348 533 pauses
1378 482 1497 533 before

609 550 786 599 reaching
815 549 953 588 Tffius’
984 546 1103 601 door.]

189 650 276 689 CH.
308 648 498 695 Profecto,
527 657 673 700 quanto
704 650 826 699 magis
856 649 1056 700 magisque
1086 649 1226 699 cogito,

191 715 384 754 Nimirum
415 715 520 752 dabit
549 714 642 753 haec
673 714 798 752 Thai's
828 715 921 752 mihi
951 726 1136 764 magnum
1167 713 1334 752 malum:
1458 729 1523 761 405

190 780 250 819 Ita
278 793 340 818 me
370 780 482 818 video
511 780 560 818 ab
590 792 635 818 ea
664 787 786 818 astute
817 780 1087 818 labefactarier.

190 846 275 884 Iam
306 853 385 883 turn
417 857 504 884 cum
535 846 702 895 primum
733 845 840 883 iussit
869 857 931 883 me
961 845 1009 883 ad
1038 857 1078 883 se
1108 845 1306 889 accersier‚

194 911 322 962 Roget
353 912 450 962 quis,
484 911 599 961 ‘quid
630 911 694 948 tibi
725 923 813 948 cum
843 909 953 948 illa?'
999 923 1047 948 ne
1079 922 1214 948 noram
1245 910 1415 960 quidem.

192 978 268 1015 Vbi
299 977 396 1022 veni,
427 988 596 1022 causam,
628 984 668 1014 ut
696 976 747 1013 ibi
777 988 985 1021 manerem,
1016 976 1203 1026 repperit:

193 1044 256 1080 Ait
287 1055 368 1080 rem
401 1041 568 1079 divinam
598 1041 744 1087 fecisse,
776 1050 812 1079 et
842 1053 924 1079 rem
960 1041 1097 1079 seriam
1463 1054 1526 1086 4¹0

194 1108 300 1146 Velle
330 1120 441 1157 agere
471 1118 636 1144 mecum.
698 1106 781 1143 Iam
811 1113 891 1144 tum
922 1113 1000 1144 erat
1030 1106 1208 1156 suspicio,

194 1174 297 1212 Dolo
328 1173 429 1211 malo
459 1172 554 1210 haec
584 1172 663 1210 fieri
693 1173 836 1210 omnia.
894 1172 983 1222 Ipsa
1013 1172 1242 1210 accumbere

194 1239 365 1284 Mecum,
396 1238 488 1275 mihi
517 1250 599 1275 sese
629 1237 731 1282 dare,
762 1249 983 1275 sermonem
1012 1249 1202 1288 quaerere.

195 1305 273 1342 Vbi
303 1304 426 1354 friget‚·
453 1303 695 1349 huc'evasit3
737 1314 854 1352 quam
885 1303 1033 1352 pridem
1061 1309 1168 1352 pater

197 1369 295 1408 Mihi
324 1376 362 1408 et
391 1376 512 1407 mater
542 1369 683 1406 mortui
714 1375 852 1407 essent.
910 1368 1022 1415 Dico,
1053 1368 1130 1406 iam
1159 1367 1236 1405 diu.
1462 1379 1529 1415 415

197 1436 279 1473 Rus
310 1435 417 1473 Sunii
446 1434 598 1485 ecquod
628 1434 805 1481 habeam,
835 1441 869 1471 et
900 1446 1016 1484 quam
1048 1434 1160 1483 longe
1190 1445 1212 1470 a
1239 1433 1345 1471 mari.

196 1501 324 1539 Credo
355 1501 388 1538 ei
418 1500 568 1550 placere
598 1499 694 1538 hoc:
736 1507 861 1549 sperat
891 1511 930 1537 se
960 1511 985 1537 a
1012 1511 1074 1537 me
1104 1498 1274 1536 avellere.

197 1567 408 1613 Postremo,
439 1578 563 1616 ecqua
593 1566 680 1603 inde
702 1577 817 1615 parva
847 1565 1020 1614 periisset
1051 1576 1177 1610 soror3

197 1632 340 1685 Ecquis
371 1644 459 1670 cum
490 1644 538 1670 ea
564 1643 669 1669 unas
703 1630 796 1681 quid
825 1630 1031 1676 habuisset,
1059 1641 1184 1680 *quom
1217 1630 1335 1679 perit;

196 1697 341 1748 Ecquis
360 1709 457 1735 ‘eam
477 1704 608 1747 posset
639 1707 809 1735 noscere.
869 1696 979 1734 Haec
1003 1706 1117 1746 quor*
1136 1695 1347 1746 quaeritet?
1414 1705 1419 1708 ⁴
1460 1705 1532 1742 *4'20

198 1763 282 1801 Nisi
313 1764 342 1801 si
372 1763 434 1800 illa
464 1762 570 1808 forte,
602 1772 701 1812 quae
732 1761 823 1799 olim
853 1761 961 1810 periit
991 1761 1158 1811 parvola,

196 1822 304 1866 Earn·
326 1841 365 1867 se
396 1828 556 1871 intendit
585 1838 683 1872 esse,
714 1834 754 1865 ut
784 1833 841 1865 est
871 1826 1039 1865 audacia.

198 1893 351 1932 Verum
373 1906 429 1940 ea,
461 1893 491 1930 si
519 1893 620 1939 vivit,
653 1902 776 1930 annos
806 1898 902 1930 nata
925 1891 971 1930 ’st
1001 1891 1215 1936 sedecims·
1266 1901 1270 1902 ⁷
1302 1900 1309 1903 ⁴

198 1959 290 1997 Non
320 1959 466 1997 maior:
510 1958 646 2003 Thais,
677 1969 795 2007 quam
825 1969 899 2006 ego
928 1969 1025 2005 sum,
1057 1956 1267 1996 maiuscula
1297 1956 1351 1994 'st.

198 2024 305 2062 Misit
335 2035 451 2074 porro
486 2036 605 2069 orare,
637 2030 678 2060 ut
709 2022 889 2068 venirem,
925 2022 1035 2060 serio.
1471 2036 1535 2070 425

199 2089 277 2126 Aut
308 2089 409 2127 dicat
438 2088 544 2139 quod
573 2087 661 2135 volt,
692 2094 758 2125 aut
787 2087 950 2125 molesta
981 2099 1028 2124 ne
1059 2087 1140 2125 siet.

199 2153 291 2191 Non
320 2153 447 2192 hercle
468 2153 619 2191 veniam
651 2153 770 2191 tertio.
830 2149 947 2204 [Goes
976 2159 1024 2201 up
1055 2157 1088 2189 lo
1116 2151 1174 2188 lhe
1203 2152 1290 2189 door
1309 2150 1390 2188 and
1404 2149 1536 2188 knocks

415 2216 567 2271 loudly]
599 2218 720 2264 Heus,
750 2218 867 2263 heus3
908 2217 1040 2268 ecquis
1069 2216 1158 2254 hic?
