1611 2543
185 81 233 116 38
683 77 723 116 P.
762 76 1011 115 TERENTI
1390 89 1464 116 Ac'r
1483 89 1522 115 xv

185 181 276 221 CH.
319 181 368 220 Et
408 181 579 227 habetur,
621 188 657 219 et
698 180 888 222 reseretur,
932 180 1069 227 Thais
1113 181 1163 219 ita
1205 180 1258 218 uti
1297 180 1431 219 merita
1469 192 1522 226 eS,

403 248 533 298 gratia.

186 309 280 349 TH.
312 311 362 348 At
391 311 496 348 enim
526 322 629 355 cave,
662 322 709 348 ne
740 309 856 359 prius,
891 321 1008 360 quam
1040 309 1138 347 hanc
1178 322 1200 347 a
1240 321 1302 347 me
1342 308 1522 360 accipias,

403 377 566 422 amittas,
598 375 808 414 Chremes:

187 441 290 480 Nam
336 442 430 480 haec
475 455 520 480 ea
561 439 619 487 'st‚
662 453 779 491 quam
821 440 931 478 miles
973 454 995 478 a
1036 452 1098 478 me
1139 440 1173 477 vi
1215 451 1317 478 nunc
1349 447 1522 490 ereptum

404 507 520 544 venit.

185 570 261 607 Abi
294 577 345 615 tu,
376 569 571 614 cistellam,
604 568 771 619 Pythias,
802 568 921 607 domo
954 568 1046 607 effer
1075 581 1163 606 cum
1194 568 1468 607 monumentis.

185 634 275 674 CH.
307 632 564 688 [anxt'ously.]
594 633 734 672 Viden’
774 642 813 672 tu
847 634 965 679 illum,
1003 634 1186 673 Tha'ss—
1215 632 1296 671 PY.
1337 633 1413 671 Vbi
1453 633 1523 671 sita

402 700 473 739 'st?
522 699 616 738 TH.
650 700 696 737 In
716 700 813 738 risco
833 713 839 737 :
873 698 1064 752 [PmuAs
1082 699 1308 750 lookz'ngfor
1328 698 1525 739 THRAso's

401 763 589 814 approach
629 763 708 800 does
734 767 798 800 nol
828 761 978 815 budge.]
1023 763 1175 810 odiosa,
1207 761 1362 801 cessas?

1170 826 1296 881 [Exit
1321 824 1526 879 Pvmms]

187 895 277 935 CH.
308 894 474 933 Militem
506 906 638 932 secum
659 894 708 932 ad
738 899 775 931 te
805 902 968 944 quantas
999 895 1130 944 copias
1160 893 1377 932 adducere?
1463 907 1523 940 551

182 962 298 1000 Attat.
356 960 450 999 TH.
493 959 600 997 Num
640 959 926 1006 formidulosus,
970 960 1143 1005 obsecro,
1187 971 1240 1005 es,
1283 959 1336 996 mi
1378 954 1527 998 homo?

399 1026 487 1066 CH.
518 1023 628 1078 [with
648 1025 847 1063 sz’mulated
861 1023 1048 1078 comaga]
1078 1025 1217 1076 Apage
1247 1025 1320 1063 sis:

190 1087 316 1140 Egon’
347 1088 647 1128 formidulosus?
685 1100 802 1127 nemo
816 1088 861 1126 'st
890 1088 1102 1134 hominum,
1134 1088 1199 1139 qui
1228 1088 1336 1132 vivat,
1366 1087 1506 1126 minus.

184 1155 278 1193 TH.
327 1155 455 1206 Atque
495 1155 545 1192 ita
583 1152 723 1204 opu'st.
781 1153 870 1192 CH.
910 1153 984 1200 Ah,
1024 1161 1166 1200 metuo,
1198 1153 1352 1205 qualem
1393 1160 1433 1191 tu
1462 1164 1524 1191 me

401 1233 485 1259 esse
515 1221 714 1259 hominem
745 1220 964 1259 existumes.

186 1286 279 1325 TH.
309 1287 436 1325 Immo
475 1286 549 1324 hoc
589 1286 782 1335 cogitato:
832 1286 989 1336 quicum
1029 1298 1088 1324 res
1126 1285 1193 1324 tibi
1208 1285 1264 1331 ’st‚
1300 1284 1525 1335 peregrinus

401 1361 468 1390 est.
1463 1363 1526 1398 555

186 1418 274 1457 Hoc
303 1417 422 1456 modo
461 1417 549 1463 dic;
591 1429 762 1456 sororem
803 1429 886 1455 esse
925 1417 1030 1456 illam
1070 1424 1185 1462 tuam,
1218 1423 1255 1455 et
1293 1423 1328 1455 te
1366 1427 1525 1466 parvam

403 1483 550 1532 virgine

184 1549 382 1595 Amisisse,
412 1561 517 1587 nunc
547 1561 750 1598 cognosse.
803 1548 921 1598 Signa
957 1547 1129 1587 ostende.
1177 1546 1260 1586 PY.
1310 1544 1527 1600 [returm‘ng

401 1615 493 1652 with
521 1615 578 1652 the
605 1612 755 1667 caskel]
786 1614 948 1652 Adsunt.
1006 1614 1099 1652 TH.
1130 1611 1318 1666 [hande'ng
1346 1613 1467 1652 casket
1492 1618 1527 1651 lo

402 1680 474 1719 CH.
497 1680 581 1718 who
600 1681 792 1719 examines
807 1681 887 1718 and
901 1684 1052 1717 returns
1068 1680 1098 1717 z'l
1114 1684 1148 1717 lo
1169 1676 1256 1731 Pu]
1287 1678 1407 1728 Cape.

188 1746 226 1784 Si
257 1746 330 1784 vim
360 1746 485 1793 faciet,
518 1748 555 1784 in
594 1747 653 1785 ius
692 1746 822 1785 ducito
857 1745 1081 1784 hominem:
1122 1743 1377 1784 intellextin’?
1433 1742 1523 1782 CH.

403 1812 541 1850 Probe.

187 1877 279 1915 TH.
310 1877 387 1916 Fac
418 1878 550 1917 animo
579 1877 672 1916 haec
699 1877 887 1927 praesenti
913 1876 1031 1915 dicas.
1088 1875 1178 1914 CH.
1203 1875 1372 1914 Faciam.
1431 1873 1525 1912 TH.

405 1943 551 1982 Attolle
582 1943 752 1993 pallium.

188 2009 285 2048 Perii
302 2023 310 2056 ;
352 2009 438 2048 huic
467 2010 540 2059 ipsi
570 2008 614 2047 ’st
643 2022 741 2060 opus
780 2017 957 2059 patrono,
989 2020 1108 2059 quem
1147 2007 1390 2047 defensorem
1419 2019 1526 2058 paro.

441 2073 517 2128 [all
533 2077 643 2114 relz're
663 2077 737 2113 into
757 2073 895 2114 Tmus'
916 2072 1054 2127 house]
1328 2086 1331 2088 ·
1464 2078 1528 2118 560
