1548 2500
87 99 139 126 sc.
161 100 188 125 11
630 85 885 123 FAMVLVS
1371 89 1417 142 33

88 189 174 228 PH.
209 189 381 228 Insanis:
421 190 486 240 qui
520 189 615 228 istuc
649 188 774 228 facere
808 200 938 228 servus
972 189 1136 228 audeat?
1194 187 1271 227 PY.
1305 187 1417 227 Illum

302 255 444 300 nescio,

90 319 169 368 Qui
197 319 330 358 fuerit:
368 319 456 366 hoc,
486 319 592 371 quod
620 319 719 366 fecit,
749 331 808 358 res
837 319 920 369 ipsa
948 319 1100 357 indicat.

90 384 326 424 Lacrumant
363 384 511 435 puellae
550 397 677 436 neque
715 396 837 436 quom
875 384 1018 434 rogites
1056 383 1149 435 quid
1185 383 1232 422 sit
1275 382 1419 421 audent

242 450 249 456 '
302 450 442 489 dicere.
1351 452 1417 494 465

90 515 157 554 Ille
186 521 315 554 autem
344 517 469 554 bonus
496 516 550 553 vir
574 527 769 566 nusquam
797 521 966 565 apparet.
1024 514 1150 553 Etiam
1180 514 1252 552 hoc
1281 513 1419 550 misera

304 581 486 631 suspicor,

88 645 244 696 Aliquid
264 645 382 684 domo
402 647 610 684 abeuntem
630 646 842 685 abstulisse.
871 644 957 683 PH.
980 644 1144 696 Nequeo
1166 644 1296 682 mirari
1317 643 1419 687 satis,

89 711 181 758 Quo
199 710 275 750 illic
304 711 406 749 abire
434 711 592 760 ignavos
622 711 742 761 possit
769 710 940 760 longius:
983 711 1053 748 nisi
1085 711 1114 748 si
1148 710 1310 747 domum

88 776 204 815 Forte
233 776 281 815 ad
308 788 381 815 nos
409 775 529 815 rediit.
585 775 665 816 PY.
686 776 790 822 Vise,
813 777 965 823 amabo,
986 787 1079 813 num
1102 776 1159 814 sit.
1218 774 1303 812 PH.
1334 764 1420 811 Iam

303 841 392 880 faxo
422 842 528 880 scies.
588 838 775 893 [Hurries
804 842 877 878 into
905 841 963 879 his
975 840 1144 891 father⁷s
1172 836 1309 892 hausen]

89 906 169 946 PY.
199 905 310 961 [with
343 904 630 959 sels-contempl]
675 907 725 945 At
767 919 840 957 ego
883 907 946 956 pol
990 906 1088 944 illius
1131 906 1275 945 liberali
1315 904 1419 943 voltu

306 980 417 1022 capta
446 972 545 1011 adeo
575 972 627 1010 fui
1356 983 1421 1017 470

89 1038 140 1076 Et
168 1049 255 1076 vere
292 1039 481 1087 ingenuo:
520 1050 651 1075 verum
682 1038 840 1075 miserae
870 1049 949 1075 non
979 1037 1017 1074 in
1049 1044 1216 1074 mentem
1246 1042 1420 1073 venerat:

90 1102 193 1142 Nam
226 1103 332 1142 illum
363 1103 493 1153 aliquo
534 1103 819 1149 conclusissem‚
852 1114 978 1153 neque
1014 1102 1118 1139 illum
1154 1101 1419 1151 perduxissem

306 1168 354 1206 ad
382 1169 578 1218 virginem.

573 1386 829 1431 SCAENA
873 1387 943 1428 III

320 1500 619 1540 PHAEDRIA.
676 1499 874 1538 DORUS.
931 1496 1173 1535 PYTHIAS

94 1595 289 1650 [Re-enter
319 1596 524 1634 PHAEDRIA
545 1595 738 1644 draggz'ng
765 1593 823 1631 tlze
843 1594 1025 1631 reluctant
1045 1591 1184 1630 Domls
1213 1595 1276 1628 out
1302 1591 1350 1640 ‘ff
1367 1591 1423 1627 the

686 1653 826 1708 house]

94 1745 187 1796 PH.'
209 1756 284 1794 Exi
312 1755 423 1802 foras,
454 1755 634 1794 sceleste:
675 1762 712 1793 at
741 1754 856 1792 etiam
886 1753 1044 1798 restitas,

94 1821 292 1872 Fugitive?
321 1820 444 1870 prodi,
474 1820 572 1858 male
601 1819 813 1858 conciliate.
869 1816 957 1856 DO.
988 1816 1173 1856 Obsecro.
1230 1813 1315 1852 PH.
1346 1813 1394 1860 O,

93 1887 196 1925 Illud
225 1885 322 1932 vide,
350 1897 393 1923 os
423 1894 464 1923 ut
494 1885 564 1923 sibi
594 1884 761 1923 distorsit
789 1883 993 1921 carnufex!
1357 1892 1423 1926 475

95 1948 202 1996 Quid
230 1948 304 1986 huc
332 1948 398 1986 tibi
428 1947 563 1986 reditio
592 1947 664 1985 ’st?
703 1946 816 1984 vestis
846 1945 939 1995 quid
959 1944 1147 1982 mutatio?

95 2013 201 2062 Quid
229 2014 388 2051 narras?
426 2012 582 2062 paulum
611 2013 641 2051 si
670 2022 891 2056 cessassem,
921 2009 1086 2059 Pythias,

96 2076 214 2115 Domi
243 2088 324 2114 non
353 2074 600 2114 offendissem
624 2087 631 2111 z
668 2075 719 2112 ita
747 2074 824 2112 iarn
853 2072 1058 2111 adornarat
1089 2069 1229 2120 sugam.

97 2140 177 2180 PY.
237 2138 346 2193 [ze-2772
393 2137 588 2192 surprz'sa]
649 2136 801 2177 Haben’
850 2137 1060 2181 hominem,
1109 2135 1277 2172 amabo?
1336 2132 1424 2170 PH.

314 2205 459 2252 Quidni
489 2204 677 2243 habeam?
736 2201 816 2241 PY.
847 2202 883 2241 O
914 2202 1055 2240 factum
1086 2201 1203 2238 bene!

168 2281 329 2301 §.marsn-
749 2281 771 2309 c
