1611 2543
204 61 252 96 52
704 55 744 93 P.
785 52 1034 92 TERENTl
1421 68 1494 94 Αστ
1510 69 1537 94 v

201 160 376 206 Illumne,
407 161 471 210 qui
501 160 593 196 mihi
624 159 727 197 dedit
755 159 959 197 consilium
989 165 1029 196 ut
1059 157 1245 204 facerem
1285 170 1334 195 an
1365 170 1439 205 me,
1468 159 1535 208 qui

418 236 531 263 ausus
561 225 655 262 siem
1471 237 1535 273 790

202 290 406 340 Incipere?
445 302 494 328 an
524 289 730 327 Fortunam
761 288 988 329 collaudem,
1020 300 1119 339 quae
1149 288 1398 338 gubernatrix
1428 288 1510 335 fuit,

201 356 312 403 Quae
355 362 410 394 tot
448 367 518 401 res,
560 360 695 400 tantas,
737 362 814 392 tam
853 361 1072 404 opportune
1113 354 1150 391 in
1189 365 1309 392 unum
1348 353 1536 392 conclusit

419 419 547 457 diem?

201 486 264 523 An
294 486 367 522 mei
397 485 514 535 patris
543 484 779 522 festivitatem
810 491 846 521 et
876 483 1121 522 facilitatem?
1181 483 1217 522 O
1247 482 1441 534 Iuppiter!

202 549 329 596 Serva,
368 550 539 596 obsecro,
584 549 677 587 haec
723 549 826 587 bona
868 549 989 587 nobis.
1050 548 1136 587 PH.
1179 545 1360 601 [rushing
1400 554 1462 587 out
1498 550 1548 600 qf

417 614 585 653 LACHES’
616 612 753 666 house]
785 614 835 651 Di
864 620 1033 652 vostram
1064 614 1202 652 fidem!
1247 613 1482 653 incredibilia

200 679 393 718 Parmeno
421 679 541 718 modo
583 692 682 730 quae
713 680 897 717 narravit!
944 679 1010 717 sed
1051 680 1116 717 ubi
1158 677 1204 717 'st
1247 679 1386 718 frater?
1443 678 1534 719 CH.

417 742 609 798 [clappz'ng
632 746 707 783 him
738 758 781 782 on
811 746 869 782 the
890 742 1093 797 shoulder]
1126 745 1283 783 Praesto
1307 744 1425 783 adest.
1474 757 1536 794 795

199 810 278 848 PA.
320 810 498 849 Gaudeo.
556 810 645 848 CH.
687 810 787 849 Satis
827 810 953 848 credo.
1013 809 1117 848 Nihil
1160 818 1217 849 est
1257 810 1411 849 Thai'de
1449 810 1535 857 hac,

414 875 539 923 frater,
570 882 636 914 tua

198 940 362 991 Dignius
391 942 497 991 quod
526 948 696 980 ametur:
739 941 789 979 ita
817 947 970 980 nostrae
997 941 1102 978 omni
1125 938 1170 979 ’st
1195 939 1332 979 fautrix
1361 940 1536 980 familiae.

416 1006 501 1045 PH.
534 1006 637 1045 Hui!

199 1071 297 1110 Mihi
326 1072 428 1111 illam
458 1073 617 1110 laudas?
668 1071 761 1111 TH.
792 1070 912 1125 [asz'de
935 1077 968 1110 lo
992 1069 1198 1125 GNATHO.]
1229 1072 1351 1110 Perii:
1388 1079 1536 1123 quanto

414 1137 542 1176 minus
573 1138 652 1189 spei
682 1145 747 1184 est,
779 1145 887 1176 tanto
917 1138 1040 1188 magis
1069 1150 1171 1177 amo.

199 1203 383 1251 Obsecro,
414 1203 584 1251 Gnatho,
615 1204 653 1241 in
692 1210 729 1242 te
767 1216 854 1254 spes
893 1211 960 1242 est.
1017 1203 1107 1242 GN.
1139 1203 1245 1253 Quid
1275 1204 1330 1242 vis
1363 1202 1537 1242 faciam?

414 1269 508 1308 TH.
540 1269 686 1309 Perfice
715 1269 789 1308 hoc

198 1332 390 1381 Precibus,
421 1334 553 1385 pretio,
584 1342 626 1373 ut
655 1334 835 1373 haeream
865 1335 903 1372 in
933 1341 1040 1385 parte
1071 1335 1200 1386 aliqua
1232 1334 1392 1373 tandem
1431 1333 1536 1385 apud

413 1400 624 1440 Tha'sdem.
1468 1407 1536 1438 800

197 1463 285 1503 GN.
316 1464 481 1505 Difficile
521 1474 589 1506 est.
648 1465 744 1504 TH.
776 1465 815 1504 Si
855 1466 948 1517 quid
986 1466 1225 1505 conlubitum
1264 1464 1321 1515 ’st‚
1353 1465 1444 1504 novi
1485 1471 1534 1504 te.

422 1531 511 1571 Hoc
541 1533 571 1571 si
601 1532 783 1579 effeceris,

198 1598 375 1645 Quodvis
405 1597 552 1636 donum
582 1598 797 1648 praemium
828 1610 850 1636 a
877 1610 938 1636 me
969 1604 1115 1648 optato,
1146 1596 1185 1635 id
1213 1603 1391 1648 optatum
1426 1596 1535 1635 feres.

199 1664 287 1703 GN.
331 1664 467 1702 Itane?
524 1663 560 1701 T
567 1662 619 1700 H.
656 1663 717 1701 Sic
756 1664 837 1702 erit.
897 1663 987 1702 GN.
1019 1663 1058 1701 Si
1096 1663 1222 1702 efficio
1261 1662 1347 1710 hoc,
1379 1663 1534 1713 postulo

414 1736 455 1768 ut
483 1728 577 1767 mihi
606 1735 672 1767 tua
701 1729 850 1775 domus,

198 1795 257 1833 Te
287 1800 502 1845 praesente,
532 1795 704 1842 absente,
735 1801 884 1844 pateat3
924 1794 1104 1833 invocato
1133 1801 1174 1832 ut
1203 1794 1249 1832 sit
1277 1793 1387 1833 locus
1470 1800 1533 1841 804

200 1860 369 1911 Semper.
444 1858 541 1898 TH.
589 1860 653 1899 Do
702 1860 818 1899 fidem
868 1859 1050 1899 futurum.
1126 1859 1215 1898 GN.
1266 1857 1537 1912 [approachz’ng

413 1923 655 1979 Pnfflnmffi]
682 1926 886 1976 Accingar.
945 1925 1031 1964 PH.
1063 1926 1194 1973 Quem
1224 1937 1297 1975 ego
1317 1924 1378 1963 hic
1398 1924 1535 1962 audio?

200 1993 237 2031 O
276 1992 458 2031 Gnatho!
506 1991 595 2030 GN.
637 1989 874 2045 [effusz'vely]
915 1991 1076 2030 Salvete.
1138 1991 1225 2030 PH.
1265 1987 1430 2043 [coldhae]
1469 1989 1535 2029 Tu

415 2058 587 2105 fortasse,
616 2069 718 2108 quae
746 2057 845 2096 facta
874 2057 936 2095 hic
966 2057 1076 2104 sient,

205 2123 352 2162 Nescis.
410 2123 501 2162 GN.
546 2123 645 2162 Scio.
715 2120 801 2162 PH.
845 2123 924 2163 Cur
956 2130 993 2161 te
1032 2135 1128 2174 ergo
1166 2122 1205 2160 in
1238 2122 1297 2161 his
1330 2121 1536 2173 conspicor

417 2189 665 2240 regionibus?
