1611 2543
174 117 220 150 14
670 114 709 152 P.
750 112 1000 151 TERENTI
1398 126 1471 152 Aer
1492 127 1504 152 1

137 220 141 222 ’
172 216 352 256 Sororem
384 218 553 268 plerique
584 230 666 256 esse
697 218 902 257 credebant
932 230 1072 257 meam.

170 283 255 333 Ego
285 295 374 322 cum
404 283 468 321 illo
499 296 665 334 quocum
696 293 786 322 tunc
816 284 1033 323 habitabam
1065 285 1227 335 coniuge

169 349 256 387 Abii
286 349 360 387 huc
375 361 385 394 ;
425 350 490 399 qui
520 349 612 387 mihi
642 349 789 400 reliquit
819 350 926 395 haec,
956 362 1054 400 quae
1085 349 1220 396 habeo,
1250 350 1392 388 omnia.
1463 363 1503 396 75

171 414 321 453 Interea
351 414 472 460 miles,
503 415 567 465 qui
598 427 660 452 me
690 427 817 453 amare
849 423 1065 465 occeperat,

170 480 216 518 In
247 480 400 519 Cariam
429 478 474 518 'st
502 480 707 531 profectus.
769 480 829 519 Te
861 481 1004 519 interea
1033 481 1106 519 loci

171 545 370 595 Cognovi:
405 552 485 583 tute
516 546 603 591 scis,
633 546 784 596 postilla
813 558 931 596 quam
960 546 1153 596 intumum

172 611 353 649 Habeam
382 617 432 657 te,
463 618 501 649 et
529 623 617 649 mea
645 610 805 650 consilia
834 617 875 649 ut
905 612 972 649 tibi
1001 611 1156 650 credam
1186 611 1328 649 omnia.

169 676 259 716 PH.
300 674 606 729 [sarcastically]
646 675 739 715 Non
777 676 850 716 hoc
890 677 1028 715 tacebit
1066 676 1270 714 Parmeno.
1339 675 1416 714 PA.
1456 676 1505 722 O,

387 737 595 780 dubiumhe
625 742 664 779 id
693 743 777 780 est?
1462 748 1506 779 8ο

170 807 262 845 TH.
309 805 584 860 [z'mpalz'ently.]
633 807 723 846 Hoc
761 807 872 857 agite,
913 808 1064 846 amabo.
1137 806 1263 845 Mater
1303 819 1389 845 mea
1428 806 1504 845 illic

387 881 537 911 mortua
565 872 610 910 'st

171 936 325 986 Nuper:
365 936 446 974 eius
475 936 586 974 frater
616 936 855 986 aliquantum
886 936 934 974 ad
964 948 1045 974 rem
1075 934 1120 973 ’st
1150 935 1305 973 avidior.

170 1002 208 1040 Is
237 1002 302 1040 ubi
332 1013 414 1039 esse
444 1001 542 1039 hanc
574 1001 695 1039 forma
726 1001 826 1040 videt
855 1002 1016 1040 honesta
1048 1001 1244 1051 virginem,

169 1068 219 1106 Et
248 1067 388 1105 fidibus
418 1067 524 1113 scire,
556 1067 717 1116 pretium
748 1079 914 1117 sperans,
948 1068 1034 1105 ilico

170 1133 362 1178 Producit,
392 1132 531 1171 vendit.
590 1132 703 1170 Forte
733 1132 883 1171 fortuna
913 1132 1032 1170 adfuit
1461 1138 1504 1180 85

170 1197 249 1236 Hic
281 1209 390 1236 meus
420 1198 587 1235 amicus:
628 1199 718 1236 emit
748 1210 833 1236 eam
865 1198 968 1236 dono
998 1197 1101 1243 mihi,

170 1263 398 1313 Imprudens
427 1263 563 1301 harum
593 1276 719 1301 rerum
750 1265 983 1314 ignarusque
1014 1263 1199 1301 omnium.

158 1329 208 1367 rIs
238 1329 358 1367 venit:
398 1336 605 1379 postquam
635 1330 753 1368 sensit
783 1342 845 1367 me
875 1336 1002 1368 tecum
1033 1340 1187 1380 quoque

173 1393 272 1433 Rern
302 1393 458 1439 habere,
489 1394 598 1445 fingit
628 1407 776 1440 causas,
808 1407 856 1433 ne
888 1395 963 1441 det,
995 1394 1151 1432 sedulo:

169 1461 246 1506 Ait,
277 1460 307 1498 si
336 1459 454 1498 fidem
483 1459 633 1506 habeat,
665 1472 704 1498 se
733 1461 777 1498 iri
805 1461 1065 1511 praepositum
1095 1460 1162 1498 tibi
1462 1474 1506 1507 90

169 1525 286 1576 Apud
313 1537 388 1572 me,
419 1538 464 1564 ac
493 1537 574 1564 non
603 1526 641 1563 id
670 1533 826 1572 metuat,
857 1539 918 1572 ne,
949 1526 1015 1564 ubi
1044 1524 1273 1576 acceperim,

171 1591 263 1630 Sese
293 1591 519 1641 relinquam,
549 1591 643 1629 velle
673 1603 713 1629 se
743 1591 848 1630 illam
877 1591 971 1629 mihi
1001 1591 1091 1630 dare
1108 1604 1117 1638 ;

170 1656 316 1694 Verum
345 1655 385 1694 id
414 1656 543 1693 vereri.
604 1656 691 1703 Sed,
723 1669 796 1707 ego
827 1664 1012 1707 quantum
1043 1657 1225 1706 suspicor,

170 1722 234 1760 Ad
262 1721 449 1771 virginem
479 1721 653 1759 animum
682 1721 831 1760 adiecit.
888 1722 1000 1768 Eam,
1033 1722 1085 1760 mi
1114 1720 1312 1766 Phaedria,

169 1784 316 1824 Multae
346 1793 433 1824 sunt
461 1798 599 1824 causae
629 1788 883 1837 quamobrem
911 1787 1064 1837 cupiam
1094 1786 1294 1825 abducere.
1460 1801 1503 1834 95

171 1851 354 1897 Primum,
386 1851 492 1902 quod
522 1863 629 1890 soror
657 1857 716 1890 est
745 1852 869 1891 dicta:
909 1859 1117 1902 praeterea,
1146 1861 1188 1890 ut
1218 1852 1294 1890 suis

172 1915 388 1955 Restituam
418 1929 461 1955 ac
492 1916 661 1955 reddam.
722 1917 814 1956 Sola
843 1930 955 1965 sum3
994 1917 1120 1955 habeo
1148 1917 1209 1955 hic
1239 1916 1447 1962 neminem,

170 1980 310 2032 Neque
340 1989 489 2028 notum,
520 1994 646 2032 neque
676 1990 911 2032 cognatum:
949 1983 1216 2033 quamobrem,
1247 1980 1446 2027 Phaedria,

170 2045 294 2096 Cupio
324 2046 472 2097 aliquos
500 2059 633 2097 parere
662 2047 806 2086 amicos
835 2048 1024 2087 beneficio
1052 2059 1152 2086 meo.

171 2109 423 2165 [coaxz'ngly.]
454 2111 512 2159 Id,
543 2113 695 2170 amabo,
727 2113 855 2151 adiuta
884 2125 957 2161 me,
988 2125 1067 2164 quo
1097 2113 1135 2151 id
1164 2113 1229 2152 fiat
1258 2111 1427 2151 facilius:

171 2177 261 2216 Sine
289 2177 394 2215 illum
425 2178 568 2228 priores
597 2185 723 2228 partes
753 2178 869 2218 hosce
899 2179 1041 2229 aliquot
1070 2178 1151 2217 dies
1439 2191 1496 2214 101

168 2243 285 2293 Apud
315 2255 376 2281 me
406 2243 557 2282 habere.
616 2243 679 2281 Nil
708 2244 944 2294 respondes?
1002 2244 1087 2283 PH.
1119 2243 1324 2283 Pessuma!
