<?xml version="1.0" encoding="UTF-8"?>
<!DOCTYPE html PUBLIC "-//W3C//DTD XHTML 1.0 Transitional//EN"
    "http://www.w3.org/TR/xhtml1/DTD/xhtml1-transitional.dtd">
<html xmlns="http://www.w3.org/1999/xhtml" xml:lang="en" lang="en">
 <head>
  <title>
</title>
<meta http-equiv="Content-Type" content="text/html;charset=utf-8" />
  <meta name='ocr-system' content='tesseract 3.04.00' />
  <meta name='ocr-capabilities' content='ocr_page ocr_carea ocr_par ocr_line ocrx_word'/>
</head>
<body>
  <div class='ocr_page' id='page_1' title='image "./famulusofterence00tereuoft_0044.png"; bbox 0 0 1611 2543; ppageno 0'>
   <div class='ocr_carea' id='block_1_1' title="bbox 165 50 1500 91">
    <p class='ocr_par' dir='ltr' id='par_1_1' title="bbox 165 50 1500 91">
     <span class='ocr_line' id='line_1_1' title="bbox 165 50 1500 91; baseline -0.003 0"><span class='ocrx_word' id='word_1_1' title='bbox 165 57 215 91; x_wconf 77' lang='lat'>40</span> <span class='ocrx_word' id='word_1_2' title='bbox 665 51 705 89; x_wconf 90' lang='lat' dir='ltr'>P.</span> <span class='ocrx_word' id='word_1_3' title='bbox 747 50 996 89; x_wconf 88' lang='lat' dir='ltr'><strong>TERENTI</strong></span> <span class='ocrx_word' id='word_1_4' title='bbox 1368 61 1441 88; x_wconf 68' lang='lat' dir='ltr'>Aer</span> <span class='ocrx_word' id='word_1_5' title='bbox 1462 61 1500 86; x_wconf 85' lang='grc' dir='ltr'>ιν</span> 
     </span>
    </p>
   </div>
   <div class='ocr_carea' id='block_1_2' title="bbox 158 152 1520 990">
    <p class='ocr_par' dir='ltr' id='par_1_2' title="bbox 162 152 1499 271">
     <span class='ocr_line' id='line_1_2' title="bbox 162 152 1499 209; baseline -0.004 -14"><span class='ocrx_word' id='word_1_6' title='bbox 162 153 373 209; x_wconf 77' lang='lat' dir='ltr'>[CHREMES</span> <span class='ocrx_word' id='word_1_7' title='bbox 393 157 472 194; x_wconf 84' lang='lat' dir='ltr'>and</span> <span class='ocrx_word' id='word_1_8' title='bbox 497 154 626 195; x_wconf 50' lang='lat' dir='ltr'>Titius</span> <span class='ocrx_word' id='word_1_9' title='bbox 654 161 791 205; x_wconf 80' lang='lat' dir='ltr'><em>appear</em></span> <span class='ocrx_word' id='word_1_10' title='bbox 820 159 862 192; x_wconf 80' lang='lat' dir='ltr'>at</span> <span class='ocrx_word' id='word_1_11' title='bbox 886 167 937 192; x_wconf 84' lang='lat' dir='ltr'>an</span> <span class='ocrx_word' id='word_1_12' title='bbox 965 159 1077 203; x_wconf 79' lang='lat' dir='ltr'>upper</span> <span class='ocrx_word' id='word_1_13' title='bbox 1104 153 1266 191; x_wconf 84' lang='lat' dir='ltr'>wz‘ndow</span> <span class='ocrx_word' id='word_1_14' title='bbox 1292 152 1438 202; x_wconf 80' lang='lat' dir='ltr'><em>talking</em></span> <span class='ocrx_word' id='word_1_15' title='bbox 1465 156 1499 190; x_wconf 85' lang='lat' dir='ltr'>lo</span> 
     </span>
     <span class='ocr_line' id='line_1_3' title="bbox 717 216 955 271; baseline -0.004 -13"><span class='ocrx_word' id='word_1_16' title='bbox 717 220 803 258; x_wconf 74' lang='lat' dir='ltr'>each</span> <span class='ocrx_word' id='word_1_17' title='bbox 824 216 955 271; x_wconf 66' lang='lat' dir='ltr'>othen]</span> 
     </span>
    </p>

    <p class='ocr_par' dir='ltr' id='par_1_3' title="bbox 163 281 1498 325">
     <span class='ocr_line' id='line_1_4' title="bbox 163 281 1498 325; baseline -0.004 0"><span class='ocrx_word' id='word_1_18' title='bbox 163 286 355 325; x_wconf 89' lang='lat' dir='ltr'>Nimirum</span> <span class='ocrx_word' id='word_1_19' title='bbox 384 286 587 325; x_wconf 88' lang='lat' dir='ltr'>consilium</span> <span class='ocrx_word' id='word_1_20' title='bbox 616 285 708 324; x_wconf 92' lang='lat' dir='ltr'>illud</span> <span class='ocrx_word' id='word_1_21' title='bbox 738 292 882 324; x_wconf 88' lang='lat' dir='ltr'>rectum</span> <span class='ocrx_word' id='word_1_22' title='bbox 909 283 954 322; x_wconf 90' lang='lat' dir='ltr'>’st</span> <span class='ocrx_word' id='word_1_23' title='bbox 983 283 1030 322; x_wconf 91' lang='lat' dir='ltr'>de</span> <span class='ocrx_word' id='word_1_24' title='bbox 1054 282 1301 322; x_wconf 90' lang='lat' dir='ltr'>occludendis</span> <span class='ocrx_word' id='word_1_25' title='bbox 1329 281 1498 321; x_wconf 89' lang='lat' dir='ltr'>aedibus.</span> 
     </span>
    </p>

    <p class='ocr_par' dir='ltr' id='par_1_4' title="bbox 162 346 1498 467">
     <span class='ocr_line' id='line_1_5' title="bbox 162 346 1497 402; baseline -0.004 -12"><span class='ocrx_word' id='word_1_26' title='bbox 162 352 294 391; x_wconf 92' lang='lat' dir='ltr'><strong>THA.</strong></span> <span class='ocrx_word' id='word_1_27' title='bbox 326 353 439 398; x_wconf 85' lang='lat' dir='ltr'>Sane,</span> <span class='ocrx_word' id='word_1_28' title='bbox 470 352 577 402; x_wconf 92' lang='lat' dir='ltr'>quod</span> <span class='ocrx_word' id='word_1_29' title='bbox 607 351 672 389; x_wconf 88' lang='lat' dir='ltr'>tibi</span> <span class='ocrx_word' id='word_1_30' title='bbox 703 363 805 389; x_wconf 89' lang='lat' dir='ltr'>nunc</span> <span class='ocrx_word' id='word_1_31' title='bbox 835 350 889 387; x_wconf 89' lang='lat' dir='ltr'>vir</span> <span class='ocrx_word' id='word_1_32' title='bbox 918 349 1088 388; x_wconf 90' lang='lat' dir='ltr'>videatur</span> <span class='ocrx_word' id='word_1_33' title='bbox 1127 360 1210 387; x_wconf 86' lang='lat' dir='ltr'>esse</span> <span class='ocrx_word' id='word_1_34' title='bbox 1249 347 1324 395; x_wconf 87' lang='lat' dir='ltr'>hic,</span> <span class='ocrx_word' id='word_1_35' title='bbox 1354 346 1497 386; x_wconf 90' lang='lat' dir='ltr'>nebulo</span> 
     </span>
     <span class='ocr_line' id='line_1_6' title="bbox 379 424 1498 467; baseline -0.004 -13"><span class='ocrx_word' id='word_1_36' title='bbox 379 428 544 467; x_wconf 87' lang='lat' dir='ltr'>magnus</span> <span class='ocrx_word' id='word_1_37' title='bbox 573 424 653 455; x_wconf 88' lang='lat' dir='ltr'>est:</span> <span class='ocrx_word' id='word_1_38' title='bbox 1433 424 1498 461; x_wconf 84' lang='lat'>575</span> 
     </span>
    </p>

    <p class='ocr_par' dir='ltr' id='par_1_5' title="bbox 161 477 1498 591">
     <span class='ocr_line' id='line_1_7' title="bbox 161 477 1498 534; baseline -0.003 -14"><span class='ocrx_word' id='word_1_39' title='bbox 161 483 221 521; x_wconf 92' lang='lat' dir='ltr'>Ne</span> <span class='ocrx_word' id='word_1_40' title='bbox 251 490 412 522; x_wconf 86' lang='lat' dir='ltr'>metuas.</span> <span class='ocrx_word' id='word_1_41' title='bbox 471 481 603 520; x_wconf 89' lang='lat' dir='ltr'><strong>THR.</strong></span> <span class='ocrx_word' id='word_1_42' title='bbox 645 480 696 534; x_wconf 85' lang='lat' dir='ltr'>[lo</span> <span class='ocrx_word' id='word_1_43' title='bbox 726 481 899 520; x_wconf 61' lang='lat' dir='ltr'>Gxxfflo</span> <span class='ocrx_word' id='word_1_44' title='bbox 930 483 968 518; x_wconf 80' lang='lat' dir='ltr'>z‘n</span> <span class='ocrx_word' id='word_1_45' title='bbox 1000 478 1138 532; x_wconf 61' lang='lat' dir='ltr'>doubt]</span> <span class='ocrx_word' id='word_1_46' title='bbox 1179 479 1285 526; x_wconf 88' lang='lat' dir='ltr'><strong>Quid</strong></span> <span class='ocrx_word' id='word_1_47' title='bbox 1324 477 1498 517; x_wconf 88' lang='lat' dir='ltr'>videtur?</span> 
     </span>
     <span class='ocr_line' id='line_1_8' title="bbox 379 544 1337 591; baseline -0.005 -4"><span class='ocrx_word' id='word_1_48' title='bbox 379 547 471 587; x_wconf 89' lang='lat' dir='ltr'>GN.</span> <span class='ocrx_word' id='word_1_49' title='bbox 502 547 680 586; x_wconf 87' lang='lat' dir='ltr'>Fundam</span> <span class='ocrx_word' id='word_1_50' title='bbox 708 547 775 585; x_wconf 87' lang='lat' dir='ltr'>tibi</span> <span class='ocrx_word' id='word_1_51' title='bbox 805 558 906 585; x_wconf 92' lang='lat' dir='ltr'>nunc</span> <span class='ocrx_word' id='word_1_52' title='bbox 937 546 1050 584; x_wconf 86' lang='lat' dir='ltr'>nimis</span> <span class='ocrx_word' id='word_1_53' title='bbox 1079 545 1215 584; x_wconf 91' lang='lat' dir='ltr'>vellem</span> <span class='ocrx_word' id='word_1_54' title='bbox 1244 544 1337 591; x_wconf 87' lang='lat' dir='ltr'>dari,</span> 
     </span>
    </p>

    <p class='ocr_par' dir='ltr' id='par_1_6' title="bbox 159 609 1496 729">
     <span class='ocr_line' id='line_1_9' title="bbox 159 609 1496 663; baseline -0.002 -12"><span class='ocrx_word' id='word_1_55' title='bbox 159 613 211 652; x_wconf 73' lang='lat' dir='ltr'>Vt</span> <span class='ocrx_word' id='word_1_56' title='bbox 252 621 291 651; x_wconf 88' lang='lat' dir='ltr'>tu</span> <span class='ocrx_word' id='word_1_57' title='bbox 333 613 416 652; x_wconf 90' lang='lat' dir='ltr'>illos</span> <span class='ocrx_word' id='word_1_58' title='bbox 459 612 593 663; x_wconf 91' lang='lat' dir='ltr'>procul</span> <span class='ocrx_word' id='word_1_59' title='bbox 640 612 730 651; x_wconf 90' lang='lat' dir='ltr'>hinc</span> <span class='ocrx_word' id='word_1_60' title='bbox 779 625 826 650; x_wconf 83' lang='lat' dir='ltr'>ex</span> <span class='ocrx_word' id='word_1_61' title='bbox 874 611 1025 651; x_wconf 89' lang='lat' dir='ltr'>occulto</span> <span class='ocrx_word' id='word_1_62' title='bbox 1069 610 1272 650; x_wconf 87' lang='lat' dir='ltr'>caederes:</span> <span class='ocrx_word' id='word_1_63' title='bbox 1330 609 1496 649; x_wconf 87' lang='lat' dir='ltr'>facerent</span> 
     </span>
     <span class='ocr_line' id='line_1_10' title="bbox 378 679 522 729; baseline 0 -13"><span class='ocrx_word' id='word_1_64' title='bbox 378 679 522 729; x_wconf 88' lang='lat' dir='ltr'>fugam.</span> 
     </span>
    </p>

    <p class='ocr_par' dir='ltr' id='par_1_7' title="bbox 159 740 1494 856">
     <span class='ocr_line' id='line_1_11' title="bbox 159 740 1494 797; baseline -0.001 -15"><span class='ocrx_word' id='word_1_65' title='bbox 159 743 291 782; x_wconf 93' lang='lat' dir='ltr'><strong>THR.</strong></span> <span class='ocrx_word' id='word_1_66' title='bbox 342 741 508 797; x_wconf 76' lang='lat' dir='ltr'>[lookz&#39;ng</span> <span class='ocrx_word' id='word_1_67' title='bbox 545 741 623 796; x_wconf 60' lang='lat' dir='ltr'>up]</span> <span class='ocrx_word' id='word_1_68' title='bbox 675 743 750 782; x_wconf 88' lang='lat' dir='ltr'>Sed</span> <span class='ocrx_word' id='word_1_69' title='bbox 793 755 926 782; x_wconf 88' lang='lat' dir='ltr'>eccam</span> <span class='ocrx_word' id='word_1_70' title='bbox 970 741 1167 780; x_wconf 68' lang='lat' dir='ltr'>Thaidem</span> <span class='ocrx_word' id='word_1_71' title='bbox 1207 741 1330 791; x_wconf 87' lang='lat' dir='ltr'>ipsam</span> <span class='ocrx_word' id='word_1_72' title='bbox 1371 740 1494 780; x_wconf 92' lang='lat' dir='ltr'>video.</span> 
     </span>
     <span class='ocr_line' id='line_1_12' title="bbox 375 806 1358 856; baseline -0.004 -8"><span class='ocrx_word' id='word_1_73' title='bbox 375 809 463 848; x_wconf 88' lang='lat' dir='ltr'>GN.</span> <span class='ocrx_word' id='word_1_74' title='bbox 497 808 628 856; x_wconf 90' lang='lat' dir='ltr'>Quam</span> <span class='ocrx_word' id='word_1_75' title='bbox 658 820 750 847; x_wconf 87' lang='lat' dir='ltr'>mox</span> <span class='ocrx_word' id='word_1_76' title='bbox 781 807 986 846; x_wconf 87' lang='lat' dir='ltr'>irruimus?</span> <span class='ocrx_word' id='word_1_77' title='bbox 1044 807 1178 845; x_wconf 93' lang='lat' dir='ltr'><strong>THR.</strong></span> <span class='ocrx_word' id='word_1_78' title='bbox 1210 806 1358 845; x_wconf 87' lang='lat' dir='ltr'>Mane:</span> 
     </span>
    </p>

    <p class='ocr_par' dir='ltr' id='par_1_8' title="bbox 159 871 1343 925">
     <span class='ocr_line' id='line_1_13' title="bbox 159 871 1343 925; baseline -0.003 -12"><span class='ocrx_word' id='word_1_79' title='bbox 159 875 305 913; x_wconf 88' lang='lat' dir='ltr'>Omnia</span> <span class='ocrx_word' id='word_1_80' title='bbox 335 875 440 925; x_wconf 90' lang='lat' dir='ltr'>prius</span> <span class='ocrx_word' id='word_1_81' title='bbox 469 874 642 924; x_wconf 80' lang='lat' dir='ltr'>experiri,</span> <span class='ocrx_word' id='word_1_82' title='bbox 673 885 792 924; x_wconf 88' lang='lat' dir='ltr'>quam</span> <span class='ocrx_word' id='word_1_83' title='bbox 823 873 950 919; x_wconf 87' lang='lat' dir='ltr'>armis,</span> <span class='ocrx_word' id='word_1_84' title='bbox 982 873 1194 923; x_wconf 86' lang='lat' dir='ltr'>sapientem</span> <span class='ocrx_word' id='word_1_85' title='bbox 1223 871 1343 910; x_wconf 87' lang='lat' dir='ltr'>decet.</span> 
     </span>
    </p>

    <p class='ocr_par' dir='ltr' id='par_1_9' title="bbox 158 936 1520 990">
     <span class='ocr_line' id='line_1_14' title="bbox 158 936 1520 990; baseline -0.003 -12"><span class='ocrx_word' id='word_1_86' title='bbox 158 940 237 987; x_wconf 92' lang='lat' dir='ltr'>Qui</span> <span class='ocrx_word' id='word_1_87' title='bbox 285 941 370 987; x_wconf 82' lang='lat' dir='ltr'>scis,</span> <span class='ocrx_word' id='word_1_88' title='bbox 419 952 481 986; x_wconf 87' lang='lat' dir='ltr'>an,</span> <span class='ocrx_word' id='word_1_89' title='bbox 532 951 630 990; x_wconf 90' lang='lat' dir='ltr'>quae</span> <span class='ocrx_word' id='word_1_90' title='bbox 678 939 845 985; x_wconf 86' lang='lat' dir='ltr'>iubeam,</span> <span class='ocrx_word' id='word_1_91' title='bbox 895 939 976 977; x_wconf 87' lang='lat' dir='ltr'>sine</span> <span class='ocrx_word' id='word_1_92' title='bbox 1022 938 1057 975; x_wconf 90' lang='lat' dir='ltr'>vi</span> <span class='ocrx_word' id='word_1_93' title='bbox 1106 937 1249 976; x_wconf 89' lang='lat' dir='ltr'>faciat?</span> <span class='ocrx_word' id='word_1_94' title='bbox 1308 936 1397 976; x_wconf 90' lang='lat' dir='ltr'>GN.</span> <span class='ocrx_word' id='word_1_95' title='bbox 1445 936 1520 974; x_wconf 81' lang='lat' dir='ltr'>Di·</span> 
     </span>
    </p>
   </div>
   <div class='ocr_carea' id='block_1_3' title="bbox 155 1004 1496 1175">
    <p class='ocr_par' dir='ltr' id='par_1_10' title="bbox 155 1004 1496 1175">
     <span class='ocr_line' id='line_1_15' title="bbox 374 1004 1496 1049; baseline -0.004 -5"><span class='ocrx_word' id='word_1_96' title='bbox 374 1013 546 1044; x_wconf 84' lang='lat' dir='ltr'>vostram</span> <span class='ocrx_word' id='word_1_97' title='bbox 575 1004 692 1043; x_wconf 90' lang='lat' dir='ltr'>fidem</span> <span class='ocrx_word' id='word_1_98' title='bbox 711 1006 717 1041; x_wconf 90' lang='lat'>!</span> <span class='ocrx_word' id='word_1_99' title='bbox 1432 1009 1496 1049; x_wconf 88' lang='lat'>580</span> 
     </span>
     <span class='ocr_line' id='line_1_16' title="bbox 155 1067 1495 1121; baseline -0.003 -12"><span class='ocrx_word' id='word_1_100' title='bbox 155 1071 303 1119; x_wconf 87' lang='lat' dir='ltr'>Quanti</span> <span class='ocrx_word' id='word_1_101' title='bbox 334 1069 380 1109; x_wconf 90' lang='lat' dir='ltr'>&#39;st</span> <span class='ocrx_word' id='word_1_102' title='bbox 410 1073 567 1121; x_wconf 87' lang='lat' dir='ltr'>sapere!</span> <span class='ocrx_word' id='word_1_103' title='bbox 608 1082 821 1121; x_wconf 84' lang='lat' dir='ltr'>numquam</span> <span class='ocrx_word' id='word_1_104' title='bbox 860 1069 1019 1116; x_wconf 83' lang='lat' dir='ltr'>accedo,</span> <span class='ocrx_word' id='word_1_105' title='bbox 1050 1069 1143 1119; x_wconf 85' lang='lat' dir='ltr'>quin</span> <span class='ocrx_word' id='word_1_106' title='bbox 1173 1069 1244 1106; x_wconf 88' lang='lat' dir='ltr'>abs</span> <span class='ocrx_word' id='word_1_107' title='bbox 1283 1074 1318 1106; x_wconf 91' lang='lat' dir='ltr'>te</span> <span class='ocrx_word' id='word_1_108' title='bbox 1357 1067 1495 1106; x_wconf 84' lang='lat' dir='ltr'>abeam</span> 
     </span>
     <span class='ocr_line' id='line_1_17' title="bbox 375 1137 533 1175; baseline -0.006 -1"><span class='ocrx_word' id='word_1_109' title='bbox 375 1137 533 1175; x_wconf 85' lang='lat' dir='ltr'>doctior.</span> 
     </span>
    </p>
   </div>
   <div class='ocr_carea' id='block_1_4' title="bbox 137 1198 1496 2224">
    <p class='ocr_par' dir='ltr' id='par_1_11' title="bbox 157 1198 1495 1317">
     <span class='ocr_line' id='line_1_18' title="bbox 157 1198 1495 1255; baseline -0.004 -14"><span class='ocrx_word' id='word_1_110' title='bbox 157 1202 288 1241; x_wconf 92' lang='lat' dir='ltr'><strong>THR.</strong></span> <span class='ocrx_word' id='word_1_111' title='bbox 348 1200 456 1255; x_wconf 83' lang='lat' dir='ltr'><em>[wz‘tlz</em></span> <span class='ocrx_word' id='word_1_112' title='bbox 504 1202 592 1239; x_wconf 78' lang='lat' dir='ltr'>lond</span> <span class='ocrx_word' id='word_1_113' title='bbox 646 1198 813 1253; x_wconf 60' lang='lat' dir='ltr'>blasima]</span> <span class='ocrx_word' id='word_1_114' title='bbox 871 1200 1008 1245; x_wconf 65' lang='lat' dir='ltr'>Thais,</span> <span class='ocrx_word' id='word_1_115' title='bbox 1058 1199 1223 1250; x_wconf 90' lang='lat' dir='ltr'>primurn</span> <span class='ocrx_word' id='word_1_116' title='bbox 1281 1198 1354 1237; x_wconf 91' lang='lat' dir='ltr'>hoc</span> <span class='ocrx_word' id='word_1_117' title='bbox 1402 1198 1495 1236; x_wconf 88' lang='lat' dir='ltr'>mihi</span> 
     </span>
     <span class='ocr_line' id='line_1_19' title="bbox 371 1264 1269 1317; baseline -0.002 -13"><span class='ocrx_word' id='word_1_118' title='bbox 371 1267 587 1317; x_wconf 86' lang='lat' dir='ltr'>responde:</span> <span class='ocrx_word' id='word_1_119' title='bbox 628 1279 718 1305; x_wconf 88' lang='lat' dir='ltr'>cum</span> <span class='ocrx_word' id='word_1_120' title='bbox 750 1267 816 1304; x_wconf 90' lang='lat' dir='ltr'>tibi</span> <span class='ocrx_word' id='word_1_121' title='bbox 847 1266 898 1304; x_wconf 93' lang='lat' dir='ltr'>do</span> <span class='ocrx_word' id='word_1_122' title='bbox 928 1266 1041 1303; x_wconf 86' lang='lat' dir='ltr'>istam</span> <span class='ocrx_word' id='word_1_123' title='bbox 1071 1264 1269 1314; x_wconf 84' lang='lat' dir='ltr'>virginem,</span> 
     </span>
    </p>

    <p class='ocr_par' dir='ltr' id='par_1_12' title="bbox 153 1326 1496 1449">
     <span class='ocr_line' id='line_1_20' title="bbox 153 1326 1496 1383; baseline -0.003 -11"><span class='ocrx_word' id='word_1_124' title='bbox 153 1331 298 1372; x_wconf 77' lang='lat' dir='ltr'>Dixtin&#39;</span> <span class='ocrx_word' id='word_1_125' title='bbox 339 1333 409 1372; x_wconf 89' lang='lat' dir='ltr'>hos</span> <span class='ocrx_word' id='word_1_126' title='bbox 439 1333 520 1371; x_wconf 88' lang='lat' dir='ltr'>dies</span> <span class='ocrx_word' id='word_1_127' title='bbox 550 1332 642 1371; x_wconf 90' lang='lat' dir='ltr'>mihi</span> <span class='ocrx_word' id='word_1_128' title='bbox 671 1332 741 1370; x_wconf 90' lang='lat' dir='ltr'>soli</span> <span class='ocrx_word' id='word_1_129' title='bbox 772 1332 862 1370; x_wconf 88' lang='lat' dir='ltr'>dare</span> <span class='ocrx_word' id='word_1_130' title='bbox 891 1330 954 1369; x_wconf 88' lang='lat' dir='ltr'>te?</span> <span class='ocrx_word' id='word_1_131' title='bbox 1013 1330 1144 1368; x_wconf 88' lang='lat' dir='ltr'><strong>THA.</strong></span> <span class='ocrx_word' id='word_1_132' title='bbox 1185 1326 1366 1383; x_wconf 81' lang='lat' dir='ltr'>[calmly.]</span> <span class='ocrx_word' id='word_1_133' title='bbox 1389 1329 1496 1377; x_wconf 90' lang='lat' dir='ltr'>Quid</span> 
     </span>
     <span class='ocr_line' id='line_1_21' title="bbox 372 1398 651 1449; baseline -0.004 -12"><span class='ocrx_word' id='word_1_134' title='bbox 372 1407 453 1437; x_wconf 90' lang='lat' dir='ltr'>tum</span> <span class='ocrx_word' id='word_1_135' title='bbox 483 1398 651 1449; x_wconf 85' lang='lat' dir='ltr'>postea?</span> 
     </span>
    </p>

    <p class='ocr_par' dir='ltr' id='par_1_13' title="bbox 153 1461 1493 1568">
     <span class='ocr_line' id='line_1_22' title="bbox 153 1461 1493 1517; baseline -0.004 -14"><span class='ocrx_word' id='word_1_136' title='bbox 153 1465 288 1503; x_wconf 86' lang='lat' dir='ltr'><strong>THR.</strong></span> <span class='ocrx_word' id='word_1_137' title='bbox 319 1461 609 1517; x_wconf 55' lang='lat' dir='ltr'>[zbzdz&#39;gnantffl]</span> <span class='ocrx_word' id='word_1_138' title='bbox 641 1463 828 1514; x_wconf 82' lang='lat' dir='ltr'>Rogitas?</span> <span class='ocrx_word' id='word_1_139' title='bbox 867 1475 966 1513; x_wconf 89' lang='lat' dir='ltr'>quae</span> <span class='ocrx_word' id='word_1_140' title='bbox 998 1462 1050 1499; x_wconf 89' lang='lat' dir='ltr'>mi</span> <span class='ocrx_word' id='word_1_141' title='bbox 1080 1469 1167 1500; x_wconf 89' lang='lat' dir='ltr'>ante</span> <span class='ocrx_word' id='word_1_142' title='bbox 1198 1461 1332 1501; x_wconf 89' lang='lat' dir='ltr'>oculos</span> <span class='ocrx_word' id='word_1_143' title='bbox 1361 1473 1493 1500; x_wconf 87' lang='lat' dir='ltr'>coram</span> 
     </span>
     <span class='ocr_line' id='line_1_23' title="bbox 372 1529 926 1568; baseline -0.004 0"><span class='ocrx_word' id='word_1_144' title='bbox 372 1538 588 1568; x_wconf 86' lang='lat' dir='ltr'>amatorem</span> <span class='ocrx_word' id='word_1_145' title='bbox 618 1529 777 1567; x_wconf 81' lang='lat' dir='ltr'>adduxti</span> <span class='ocrx_word' id='word_1_146' title='bbox 807 1536 926 1567; x_wconf 89' lang='lat' dir='ltr'>tuom.</span> 
     </span>
    </p>

    <p class='ocr_par' dir='ltr' id='par_1_14' title="bbox 153 1593 1494 1706">
     <span class='ocr_line' id='line_1_24' title="bbox 153 1593 1493 1645; baseline -0.004 -10"><span class='ocrx_word' id='word_1_147' title='bbox 153 1596 284 1635; x_wconf 87' lang='lat' dir='ltr'><strong>THA.</strong></span> <span class='ocrx_word' id='word_1_148' title='bbox 315 1596 421 1644; x_wconf 88' lang='lat' dir='ltr'>Quid</span> <span class='ocrx_word' id='word_1_149' title='bbox 451 1607 539 1634; x_wconf 89' lang='lat' dir='ltr'>cum</span> <span class='ocrx_word' id='word_1_150' title='bbox 568 1595 654 1633; x_wconf 92' lang='lat' dir='ltr'>illoc</span> <span class='ocrx_word' id='word_1_151' title='bbox 685 1594 805 1645; x_wconf 86' lang='lat' dir='ltr'>agas?</span> <span class='ocrx_word' id='word_1_152' title='bbox 863 1593 995 1631; x_wconf 90' lang='lat' dir='ltr'><strong>THR.</strong></span> <span class='ocrx_word' id='word_1_153' title='bbox 1026 1593 1076 1631; x_wconf 84' lang='lat' dir='ltr'>Et</span> <span class='ocrx_word' id='word_1_154' title='bbox 1105 1605 1196 1631; x_wconf 90' lang='lat' dir='ltr'>cum</span> <span class='ocrx_word' id='word_1_155' title='bbox 1234 1605 1281 1631; x_wconf 90' lang='lat' dir='ltr'>eo</span> <span class='ocrx_word' id='word_1_156' title='bbox 1319 1593 1419 1631; x_wconf 85' lang='lat' dir='ltr'>clam</span> <span class='ocrx_word' id='word_1_157' title='bbox 1457 1598 1493 1630; x_wconf 87' lang='lat' dir='ltr'>te</span> 
     </span>
     <span class='ocr_line' id='line_1_25' title="bbox 373 1660 1494 1706; baseline -0.004 -6"><span class='ocrx_word' id='word_1_158' title='bbox 373 1661 556 1700; x_wconf 84' lang='lat' dir='ltr'>subduxti</span> <span class='ocrx_word' id='word_1_159' title='bbox 587 1661 679 1699; x_wconf 89' lang='lat' dir='ltr'>mihi</span> <span class='ocrx_word' id='word_1_160' title='bbox 699 1660 710 1697; x_wconf 90' lang='lat'>?</span> <span class='ocrx_word' id='word_1_161' title='bbox 1429 1664 1494 1706; x_wconf 85' lang='lat'>585</span> 
     </span>
    </p>

    <p class='ocr_par' dir='ltr' id='par_1_15' title="bbox 152 1722 1493 1781">
     <span class='ocr_line' id='line_1_26' title="bbox 152 1722 1493 1781; baseline -0.004 -14"><span class='ocrx_word' id='word_1_162' title='bbox 152 1729 284 1766; x_wconf 86' lang='lat' dir='ltr'><strong>THA.</strong></span> <span class='ocrx_word' id='word_1_163' title='bbox 314 1725 424 1781; x_wconf 68' lang='lat' dir='ltr'><em>[with</em></span> <span class='ocrx_word' id='word_1_164' title='bbox 445 1728 644 1777; x_wconf 80' lang='lat' dir='ltr'>z&#39;rrz&#39;talz&#39;ng</span> <span class='ocrx_word' id='word_1_165' title='bbox 663 1722 846 1777; x_wconf 67' lang='lat' dir='ltr'>coolness]</span> <span class='ocrx_word' id='word_1_166' title='bbox 877 1725 1031 1764; x_wconf 85' lang='lat' dir='ltr'>Lubuit.</span> <span class='ocrx_word' id='word_1_167' title='bbox 1077 1723 1211 1762; x_wconf 87' lang='lat' dir='ltr'><strong>THR.</strong></span> <span class='ocrx_word' id='word_1_168' title='bbox 1251 1722 1493 1774; x_wconf 85' lang='lat' dir='ltr'>Pamphilam</span> 
     </span>
    </p>

    <p class='ocr_par' dir='ltr' id='par_1_16' title="bbox 137 1784 1175 1842">
     <span class='ocr_line' id='line_1_27' title="bbox 137 1784 1175 1842; baseline -0.006 -10"><span class='ocrx_word' id='word_1_169' title='bbox 137 1784 140 1788; x_wconf 37' lang='lat'><em>¹</em></span> <span class='ocrx_word' id='word_1_170' title='bbox 371 1805 463 1842; x_wconf 80' lang='lat' dir='ltr'>ergo</span> <span class='ocrx_word' id='word_1_171' title='bbox 493 1793 567 1831; x_wconf 92' lang='lat' dir='ltr'>huc</span> <span class='ocrx_word' id='word_1_172' title='bbox 598 1791 727 1838; x_wconf 85' lang='lat' dir='ltr'>redde,</span> <span class='ocrx_word' id='word_1_173' title='bbox 758 1791 828 1829; x_wconf 87' lang='lat' dir='ltr'>nisi</span> <span class='ocrx_word' id='word_1_174' title='bbox 859 1791 889 1828; x_wconf 86' lang='lat' dir='ltr'>si</span> <span class='ocrx_word' id='word_1_175' title='bbox 919 1792 1039 1829; x_wconf 76' lang='lat' dir='ltr'>mavis</span> <span class='ocrx_word' id='word_1_176' title='bbox 1068 1790 1175 1840; x_wconf 91' lang='lat' dir='ltr'>eripi.</span> 
     </span>
    </p>

    <p class='ocr_par' dir='ltr' id='par_1_17' title="bbox 152 1855 1490 1972">
     <span class='ocr_line' id='line_1_28' title="bbox 152 1855 1490 1912; baseline -0.004 -15"><span class='ocrx_word' id='word_1_177' title='bbox 152 1858 242 1897; x_wconf 91' lang='lat' dir='ltr'>CH.</span> <span class='ocrx_word' id='word_1_178' title='bbox 279 1855 510 1912; x_wconf 54' lang='lat' dir='ltr'>[ea-cnedly]</span> <span class='ocrx_word' id='word_1_179' title='bbox 554 1857 646 1895; x_wconf 89' lang='lat' dir='ltr'>Tibi</span> <span class='ocrx_word' id='word_1_180' title='bbox 685 1857 790 1895; x_wconf 90' lang='lat' dir='ltr'>illam</span> <span class='ocrx_word' id='word_1_181' title='bbox 828 1855 991 1894; x_wconf 85' lang='lat' dir='ltr'>reddat?</span> <span class='ocrx_word' id='word_1_182' title='bbox 1038 1862 1102 1895; x_wconf 90' lang='lat' dir='ltr'>aut</span> <span class='ocrx_word' id='word_1_183' title='bbox 1140 1862 1180 1893; x_wconf 91' lang='lat' dir='ltr'>tu</span> <span class='ocrx_word' id='word_1_184' title='bbox 1215 1866 1302 1893; x_wconf 88' lang='lat' dir='ltr'>eam</span> <span class='ocrx_word' id='word_1_185' title='bbox 1342 1860 1490 1904; x_wconf 85' lang='lat' dir='ltr'>tangas,</span> 
     </span>
     <span class='ocr_line' id='line_1_29' title="bbox 370 1921 1221 1972; baseline -0.005 -10"><span class='ocrx_word' id='word_1_186' title='bbox 370 1925 600 1962; x_wconf 72' lang='lat' dir='ltr'>omnium—</span> <span class='ocrx_word' id='word_1_187' title='bbox 629 1922 718 1961; x_wconf 91' lang='lat' dir='ltr'>GN.</span> <span class='ocrx_word' id='word_1_188' title='bbox 749 1922 823 1968; x_wconf 89' lang='lat' dir='ltr'>Ah,</span> <span class='ocrx_word' id='word_1_189' title='bbox 855 1921 948 1971; x_wconf 88' lang='lat' dir='ltr'>quid</span> <span class='ocrx_word' id='word_1_190' title='bbox 979 1921 1089 1972; x_wconf 86' lang='lat' dir='ltr'>agis?</span> <span class='ocrx_word' id='word_1_191' title='bbox 1127 1927 1221 1959; x_wconf 86' lang='lat' dir='ltr'>tace.</span> 
     </span>
    </p>

    <p class='ocr_par' dir='ltr' id='par_1_18' title="bbox 152 1985 1490 2101">
     <span class='ocr_line' id='line_1_30' title="bbox 152 1985 1490 2038; baseline -0.004 -9"><span class='ocrx_word' id='word_1_192' title='bbox 152 1990 286 2029; x_wconf 85' lang='lat' dir='ltr'><strong>THR.</strong></span> <span class='ocrx_word' id='word_1_193' title='bbox 315 1990 421 2037; x_wconf 82' lang='lat' dir='ltr'>Quid</span> <span class='ocrx_word' id='word_1_194' title='bbox 449 1998 489 2028; x_wconf 87' lang='lat' dir='ltr'>tu</span> <span class='ocrx_word' id='word_1_195' title='bbox 527 1991 594 2028; x_wconf 88' lang='lat' dir='ltr'>tibi</span> <span class='ocrx_word' id='word_1_196' title='bbox 633 1989 714 2027; x_wconf 86' lang='lat' dir='ltr'>vis?</span> <span class='ocrx_word' id='word_1_197' title='bbox 753 2001 826 2038; x_wconf 88' lang='lat' dir='ltr'>ego</span> <span class='ocrx_word' id='word_1_198' title='bbox 866 2001 945 2026; x_wconf 88' lang='lat' dir='ltr'>non</span> <span class='ocrx_word' id='word_1_199' title='bbox 984 1996 1141 2038; x_wconf 85' lang='lat' dir='ltr'>tangam</span> <span class='ocrx_word' id='word_1_200' title='bbox 1181 1985 1338 2026; x_wconf 84' lang='lat' dir='ltr'>meam?</span> <span class='ocrx_word' id='word_1_201' title='bbox 1401 1986 1490 2025; x_wconf 85' lang='lat' dir='ltr'>CH.</span> 
     </span>
     <span class='ocr_line' id='line_1_31' title="bbox 367 2053 877 2101; baseline -0.004 -9"><span class='ocrx_word' id='word_1_202' title='bbox 367 2055 498 2094; x_wconf 88' lang='lat' dir='ltr'>Tuam</span> <span class='ocrx_word' id='word_1_203' title='bbox 526 2063 667 2101; x_wconf 84' lang='lat' dir='ltr'>autem,</span> <span class='ocrx_word' id='word_1_204' title='bbox 699 2053 877 2092; x_wconf 82' lang='lat' dir='ltr'>furcifer?</span> 
     </span>
    </p>

    <p class='ocr_par' dir='ltr' id='par_1_19' title="bbox 151 2114 1491 2224">
     <span class='ocr_line' id='line_1_32' title="bbox 151 2114 1491 2170; baseline -0.003 -11"><span class='ocrx_word' id='word_1_205' title='bbox 151 2121 239 2161; x_wconf 90' lang='lat' dir='ltr'>GN.</span> <span class='ocrx_word' id='word_1_206' title='bbox 298 2122 401 2160; x_wconf 82' lang='lat' dir='ltr'>Cave</span> <span class='ocrx_word' id='word_1_207' title='bbox 441 2122 517 2167; x_wconf 80' lang='lat' dir='ltr'>sis3</span> <span class='ocrx_word' id='word_1_208' title='bbox 570 2121 692 2159; x_wconf 86' lang='lat' dir='ltr'>nescis</span> <span class='ocrx_word' id='word_1_209' title='bbox 732 2119 823 2170; x_wconf 86' lang='lat' dir='ltr'>quoi</span> <span class='ocrx_word' id='word_1_210' title='bbox 863 2118 1069 2158; x_wconf 79' lang='lat' dir='ltr'>maledicas</span> <span class='ocrx_word' id='word_1_211' title='bbox 1112 2129 1212 2156; x_wconf 87' lang='lat' dir='ltr'>nunc</span> <span class='ocrx_word' id='word_1_212' title='bbox 1251 2117 1343 2154; x_wconf 88' lang='lat' dir='ltr'>viro.</span> <span class='ocrx_word' id='word_1_213' title='bbox 1399 2114 1491 2155; x_wconf 87' lang='lat' dir='ltr'>CH.</span> 
     </span>
     <span class='ocr_line' id='line_1_33' title="bbox 372 2184 793 2224; baseline -0.005 0"><span class='ocrx_word' id='word_1_214' title='bbox 372 2186 463 2224; x_wconf 85' lang='lat' dir='ltr'>Non</span> <span class='ocrx_word' id='word_1_215' title='bbox 494 2194 533 2224; x_wconf 82' lang='lat' dir='ltr'>tu</span> <span class='ocrx_word' id='word_1_216' title='bbox 564 2185 651 2224; x_wconf 81' lang='lat' dir='ltr'>liinc</span> <span class='ocrx_word' id='word_1_217' title='bbox 682 2184 793 2223; x_wconf 85' lang='lat' dir='ltr'>abis?</span> 
     </span>
    </p>
   </div>
  </div>
 </body>
</html>
