1611 2543
180 103 228 137 16
679 97 717 135 Ρ.
761 95 1010 135 TERENTI
1272 109 1344 136 ACT
1366 110 1389 142 1,
1411 109 1462 136 sc.
1484 109 1512 135 11

179 202 320 240 Saltem
351 209 391 240 ut
421 200 614 240 concedas
643 200 782 239 solum.
842 200 915 237 PH
959 200 1155 250 Siquidem
1185 200 1365 239 biduom:

178 269 326 307 Verum
356 279 405 305 ne
437 267 529 305 fiant
559 267 618 304 isti
649 266 780 316 viginti
811 267 902 304 dies.

179 332 273 372 TH.
291 333 470 371 Profecto
490 344 570 370 non
589 331 676 381 plus
697 332 871 378 biduom,
894 338 1012 369 aut—
1068 331 1153 370 PH.
1174 332 1278 370 Aut?
1299 331 1351 370 nil
1371 343 1513 370 moror.

177 399 271 437 TH.
301 398 393 437 Non
413 398 498 436 fiet:
529 397 603 436 hoc
623 397 741 435 modo
761 398 841 435 sine
861 404 897 436 te
918 409 1085 436 exorem.
1143 397 1226 435 PH.
1258 397 1405 436 Scilicet
1455 411 1514 444 ¹35

179 464 421 503 Faciundum
456 461 514 509 'st,
555 463 659 513 quod
692 464 755 500 vis.
817 462 914 500 TH.
944 459 1154 514 [throwz'ng
1180 463 1247 500 her
1274 476 1379 501 arms
1407 462 1517 501 about

397 530 456 567 his
474 526 592 581 neck]
622 527 766 566 Merito
795 536 832 566 te
861 540 973 574 am0;
1008 528 1108 566 bene
1137 528 1242 566 facis.

179 596 264 635 PH.
295 595 378 633 Rus
407 595 495 633 ibo:
536 594 586 632 ibi
615 593 690 632 hoc
719 605 781 631 me
811 594 1020 632 macerabo
1048 593 1235 631 biduom:

178 660 239 698 Ita
268 659 390 697 facere
420 664 567 696 certum
597 656 663 694 'st:
705 668 790 695 mos
819 656 994 707 gerundu
1023 655 1069 694 'st
1099 655 1259 694 Thaidi.

179 721 258 768 Tu,
288 721 494 767 Parmeno,
525 720 598 758 huc
629 719 689 758 fac
719 719 770 757 illi
799 719 1047 758 adducantur.
1105 719 1183 756 PA.
1215 718 1413 757 Maxume.

992 782 1118 837 [Exit
1135 790 1167 822 lo
1187 782 1352 823 LAcHEs'
1373 781 1515 838 house]

179 853 265 891 PH.
297 852 343 890 In
373 852 448 890 hoc
478 851 650 896 biduom,
684 849 821 896 Thai's,
852 850 945 888 vale.
1005 849 1101 888 TH.
1132 850 1189 888 Mi
1219 850 1418 896 Phaedria,
1452 865 1514 897 140

178 919 229 957 Et
258 926 311 957 tu.
369 917 569 968 Numquid
599 917 654 955 vis
684 916 817 955 aliud?
875 916 961 955 PH.
991 917 1128 967 Egone
1157 917 1251 968 quid
1280 915 1420 954 velim?

180 985 280 1023 Cum
310 984 427 1022 milite
457 983 529 1021 isto
558 994 753 1033 praesens,
784 983 924 1021 absens
953 991 994 1020 ut
1023 983 1121 1021 sies:

179 1051 274 1089 Dies
304 1055 516 1100 noctesque
547 1060 608 1086 me
639 1060 767 1086 ames:
809 1060 870 1086 me
901 1048 1115 1086 desideres:

183 1115 251 1154 Me
282 1115 474 1154 somnies:
504 1126 566 1152 me
597 1120 817 1163 exspectes:
858 1114 905 1152 de
935 1126 996 1152 me
1028 1114 1195 1163 cogites:

182 1180 251 1220 Me
282 1192 432 1231 speres:
465 1191 527 1217 me
556 1186 592 1217 te
621 1179 810 1218 oblectes:
851 1191 1005 1218 mecum
1036 1186 1117 1217 tota
1146 1179 1218 1217 sis:
1262 1234 1267 1240 ἱ
1452 1193 1513 1226 145

182 1247 297 1286 Meus
327 1246 386 1284 fac
416 1246 465 1283 sis
495 1251 691 1295 postremo
721 1246 883 1292 animus,
914 1245 1072 1295 quando
1101 1257 1175 1295 ego
1204 1257 1288 1283 sum
1319 1252 1418 1283 tuos.

1357 1306 1517 1363 [Exit]

668 1396 927 1439 SCAENA
971 1397 1039 1437 III

753 1485 925 1523 THAIS

184 1575 253 1614 Me
281 1576 490 1614 miseram!
529 1574 657 1613 forsan
687 1573 747 1611 hic
777 1573 870 1610 mihi
899 1584 1058 1622 parvam
1088 1572 1226 1611 habeat
1255 1572 1384 1619 fidem,

182 1643 310 1692 Atque
341 1653 387 1679 ex
418 1640 579 1678 aliarum
609 1639 771 1689 ingeniis
801 1650 905 1676 nunc
935 1650 996 1676 me
1026 1638 1178 1676 iudicet.

182 1707 270 1756 Ego
299 1707 377 1757 pol,
408 1718 509 1756 quae
539 1705 632 1743 mihi
661 1716 746 1742 sum
777 1704 945 1749 conscia,
975 1703 1050 1741 hoc
1080 1710 1183 1741 certo
1213 1702 1306 1749 scio,

183 1772 322 1823 Neque
353 1784 415 1810 me
445 1771 600 1809 finxisse
629 1770 711 1808 falsi
740 1770 958 1820 quicquam,
987 1781 1113 1819 neque
1142 1780 1232 1806 meo
1454 1783 1516 1816 150

183 1838 302 1877 Cordi
331 1849 416 1876 esse
445 1847 682 1888 quemquam
711 1836 897 1873 cariorem
927 1835 1003 1872 hoc
1032 1833 1240 1872 Phaedria:

182 1903 232 1941 Et
261 1902 445 1953 quicquid
472 1902 583 1940 huius
611 1900 693 1947 feei,
724 1912 840 1939 causa
867 1900 1021 1949 virginis

184 1969 295 2007 Feci:
338 1980 429 2006 nam
458 1980 520 2005 me
551 1967 633 2005 eius
661 1978 773 2016 spero
803 1963 957 2003 fratrem
986 1964 1269 2015 propemodum

184 2034 268 2072 Iam
297 2033 520 2083 repperisse,
550 2031 838 2070 adulescentem
866 2030 964 2069 adeo
993 2029 1185 2068 nobilem:

186 2099 233 2136 Et
264 2099 295 2136 is
324 2098 438 2136 hodie
469 2104 672 2136 venturum
700 2097 749 2135 ad
777 2108 840 2135 me
869 2096 1064 2135 constituit
1092 2095 1265 2134 domum.
1452 2110 1512 2143 155

186 2163 411 2202 Concedam
441 2163 528 2201 hinc
558 2164 668 2209 intro,
699 2169 815 2214 atque
844 2162 1078 2212 exspectabo
1107 2161 1199 2199 dum
1228 2160 1339 2198 venit.

1056 2225 1183 2280 [Exit
1199 2228 1272 2264 into
1291 2226 1356 2264 her
1376 2222 1515 2278 house]
