1611 2543
227 127 277 162 46
728 122 766 160 Ρ.
808 121 1058 159 TERENTI
1447 131 1521 158 Aer
1542 132 1563 157 v

227 228 299 266 Ibo
329 228 440 275 intro,
470 227 517 266 de
547 227 770 277 cognitione
798 235 837 264 ut
868 232 1011 264 certum
1042 225 1184 264 sciam:

229 294 321 333 Post
351 295 477 341 exibo,
509 300 625 343 atque
655 292 1010 342 hunc.perterreb0
1039 290 1280 339 sacrilegum.
1499 293 1564 338 690

1079 364 1203 420 [Exit
1228 367 1304 404 z'nlo
1331 365 1389 404 the
1416 362 1554 418 house]

715 489 974 532 SCAENA
1017 489 1082 529 IV

603 579 886 619 PARMENO.
943 577 1188 617 PYTHIAS

466 668 604 723 [Enler
633 669 827 708 PARMENO
857 668 1071 717 advancz‘ng
1099 663 1334 719 caulz'ously]

231 760 309 798 PA.
342 758 495 805 Reviso,
527 757 712 808 quidnam
742 757 916 796 Chaerea
944 756 1005 795 hic
1034 767 1162 794 rerum
1191 761 1310 805 gerat.

229 824 349 871 Quod
379 823 408 861 si
438 830 521 861 astu
550 834 630 861 rem
660 823 842 868 tractavit,
873 822 911 860 di
941 829 1107 860 vostram
1136 821 1265 867 fidem,

230 889 429 936 Quantam
459 897 495 926 et
526 900 642 938 quam
673 900 801 925 veram
830 887 983 925 laudem
1013 888 1135 938 capiet
1165 887 1377 925 Parmeno!

229 954 311 993 PY.
334 952 588 1007 [re-enterz‘ng,
619 951 747 1005 asida]
777 953 864 1002 Ego
893 952 956 1002 pol
987 959 1023 990 te
1053 965 1123 1002 pro
1152 952 1232 990 istis
1252 952 1362 990 dictis
1387 957 1426 990 et
1445 950 1564 997 factis,

449 1020 583 1065 scelus,

232 1082 428 1129 Vlciscar;
469 1088 510 1119 ut
539 1094 588 1120 ne
618 1081 775 1131 impune
804 1082 843 1118 in
874 1093 946 1120 nos
976 1080 1148 1119 illuseris.
1503 1085 1567 1128 695

232 1148 306 1186 Pro
356 1148 473 1186 deum
521 1146 659 1185 fidem!
717 1144 867 1199 [loudly‚
907 1147 1132 1196 pretendz‘ng
1173 1151 1238 1184 nol
1281 1150 1315 1183 lo
1357 1158 1409 1183 see
1448 1140 1563 1197 pm]

449 1213 595 1251 facinus
624 1211 802 1250 foedum!
844 1225 867 1251 0
897 1212 1086 1250 infelicem
1115 1210 1466 1250 adulescentulum!

233 1279 270 1318 O
305 1277 510 1318 scelestum
548 1277 841 1323 Parmenonem,
877 1278 943 1327 qui
977 1278 1091 1316 istum
1130 1276 1205 1315 huc
1246 1276 1428 1315 adduxit!
1488 1274 1570 1313 PA.

452 1341 572 1396 [assde
600 1344 640 1380 in
670 1340 824 1395 alarm]
856 1342 959 1390 Quid
994 1344 1079 1381 est?

233 1409 313 1448 PY.
345 1409 503 1448 Miseret
531 1421 616 1448 me:
659 1409 798 1460 itaque,
828 1415 868 1447 ut
899 1422 945 1447 ne
974 1408 1155 1455 viderem,
1185 1408 1324 1447 misera
1347 1407 1421 1445 huc
1451 1406 1570 1456 effugi

451 1472 565 1510 foras.

234 1534 347 1604 Quae
390 1534 514 1573 futura
555 1533 734 1584 exempla
775 1534 907 1573 dicunt
950 1535 988 1572 in
1031 1545 1121 1572 eum
1165 1533 1345 1584 indigna!
1402 1532 1481 1611 PA.
1531 1531 1569 1572 O

451 1600 646 1649 Iuppiter!

235 1662 348 1710 Quae
382 1661 490 1700 illaec
524 1663 636 1699 turba
668 1661 741 1699 ’st?
780 1673 968 1699 numnam
1002 1673 1076 1711 ego
1115 1660 1240 1712 perii?
1279 1660 1406 1699 adibo.
1464 1659 1570 1708 Quid

452 1728 562 1773 istuc,
592 1726 773 1776 Pythias?
1506 1740 1571 1774 700

235 1790 340 1838 Quid
379 1790 463 1828 ais?
501 1790 540 1827 in
579 1802 696 1840 quern
734 1789 912 1839 exempla
950 1790 1070 1828 fient?
1128 1787 1207 1827 PY.
1249 1785 1568 1842 [threateninghae]

455 1853 631 1902 Rogitas,
663 1852 947 1891 audacissime?

236 1918 440 1957 Perdidisti
468 1918 596 1965 istum,
628 1930 745 1969 quem
774 1917 931 1955 adduxti
954 1929 1024 1967 pro
1047 1917 1201 1963 famulo,
1228 1915 1569 1963 adulescentulum,

239 1983 343 2021 Dum
382 1983 511 2021 studes
550 1983 642 2022 dare
674 1983 790 2021 verba
823 1983 945 2021 nobis.
1002 1982 1080 2020 PA.
1116 1979 1308 2035 [sbakzlv]
1348 1981 1454 2029 Quid
1491 1982 1570 2020 ita?

453 2055 518 2086 aut
547 2048 641 2098 quid
670 2048 812 2087 factum
842 2046 918 2086 'st?
957 2047 1065 2086 cedo.

237 2113 317 2152 PY.
338 2113 487 2153 Dicam.
522 2113 723 2163 Virginem
738 2112 863 2159 istam
882 2110 1027 2151 Tha1d1
1043 2111 1158 2151 hodie
1174 2123 1273 2163 quae
1290 2110 1396 2150 dono
1409 2110 1498 2150 data
1513 2112 1569 2159 ’,st

239 2179 319 2218 Seis
361 2191 446 2217 eam
481 2179 604 2217 civem
638 2178 728 2217 hinc
762 2178 871 2217 esse?
910 2185 946 2216 et
980 2177 1134 2216 fratrem
1169 2178 1250 2216 eius
1283 2189 1367 2216 esse
1397 2177 1572 2228 adprime

454 2243 650 2282 nobilem?
1509 2255 1572 2292 705
