1611 2543
186 84 234 118 34
684 78 723 115 P.
763 76 1013 115 TERENTI
1385 89 1458 115 Ac'r
1479 90 1516 115 n·

186 182 291 222 Istuc
320 182 385 233 pol
415 193 505 220 vero
534 182 643 219 bene.
701 181 779 219 Vbi
808 182 892 219 est?
950 180 1036 218 PH.
1071 181 1257 231 Rogitas?
1288 193 1367 219 non
1387 180 1516 218 vides?

188 248 269 286 PY.
326 247 518 286 Videam?
577 248 753 293 obsecro,
813 248 956 297 quem?
1040 246 1128 284 PH.
1187 245 1306 284 Hunc
1362 245 1516 285 scilicet.

403 312 484 351 PY.
517 309 575 365 [in
594 309 847 365 mammem]
878 311 977 359 Quis
1006 311 1067 350 hic
1098 317 1154 350 est
1184 311 1331 350 homo?
1449 318 1513 359 481

186 379 273 418 PH.
319 378 399 426 Qui
437 378 487 415 ad
535 390 603 416 vos
651 377 836 416 deductus
871 377 985 416 hodie
1024 375 1081 415 ’st.
1139 376 1221 416 PY.
1261 374 1518 430 [scornfully.]

402 443 522 481 Hunc
552 443 673 481 oculis
704 443 782 481 suis

186 507 417 547 Nostrarum
445 520 660 558 numquam
689 508 895 559 quisquam
924 507 1025 554 vidit,
1057 506 1257 546 Phaedria.

186 575 273 612 PH.
304 573 397 612 Non
426 573 543 612 vidit?
600 572 680 611 PY.
710 573 774 610 An
802 580 843 611 tu
872 572 975 611 hunc
1005 573 1194 611 credidisti
1223 585 1318 620 esse,
1344 574 1517 620 obsecro,

186 639 251 678 Ad
281 651 352 677 nos
382 638 616 677 deductum?
674 637 761 676 PH.
793 637 972 688 Namque
1002 638 1118 676 alium
1157 638 1272 676 habui
1309 638 1519 676 neminem.

404 702 483 741 PY.
515 703 599 741 Au!
1452 709 1518 750 485

187 770 248 809 Ne
277 769 564 820 comparandus
592 768 652 807 hic
682 768 839 818 quidem
869 768 918 806 ad
947 769 1055 806 illum
1086 768 1146 806 'st.
1204 768 1274 807 Ille
1303 775 1383 806 erat

187 835 366 874 Honesta
393 834 502 881 facie,
533 841 570 872 et
598 834 754 872 liberali.
813 832 900 871 PH.
932 833 990 871 Ita
1019 835 1120 872 visus
1149 840 1206 872 est

187 901 361 948 Dudum,
391 900 480 950 quia
509 900 612 938 varia
640 906 742 938 veste
773 905 981 938 exornatus
1011 899 1103 937 suit:

189 966 305 1005 Nunc
336 966 402 1004 tibi
432 965 577 1003 videtur
606 965 754 1010 foedus,
783 965 874 1015 quia
903 964 1007 1002 illam
1037 976 1116 1003 non
1147 964 1272 1003 habet.

188 1031 270 1071 PY.
300 1031 419 1078 Tace,
450 1031 635 1070 obsecro:
675 1031 784 1080 quasi
815 1042 904 1068 vero
934 1030 1091 1080 paulum
1121 1031 1304 1069 intersiet.
1455 1046 1522 1080 490

189 1098 252 1136 Ad
281 1109 353 1136 nos
383 1096 572 1134 deductus
601 1095 776 1134 hodie’st
804 1095 1122 1141 adulescentulus,

190 1163 321 1210 Quem
350 1168 391 1200 tu
426 1161 554 1200 videre
589 1173 678 1199 vero
712 1161 837 1207 velles,
876 1161 1075 1200 Phaedria.
1127 1159 1264 1214 [walks
1294 1162 1417 1199 round
1432 1160 1521 1208 Do„

404 1228 623 1276 examz'nz'ng
643 1227 719 1264 him
740 1227 830 1264 wilh
852 1226 908 1263 lhe
928 1230 1063 1263 ulmos!
1079 1224 1286 1278 contempt]

191 1293 269 1331 Hic
298 1299 354 1331 est
383 1293 515 1337 vietus,
546 1299 663 1336 vetus,
696 1298 935 1337 veternosus,
965 1303 1094 1337 senex,

191 1359 333 1397 Colore
363 1357 580 1396 mustelino.
640 1356 726 1394 PH.
759 1356 877 1402 Hem,
909 1369 1009 1406 quae
1040 1357 1134 1396 haec
1165 1363 1221 1395 est
1250 1355 1413 1395 fabula?

189 1424 250 1462 Eo
280 1423 421 1474 redigis
449 1435 524 1469 me,
555 1429 608 1468 ut,
638 1422 731 1472 quid
760 1422 918 1472 egerim,
950 1427 1104 1472 egomet
1133 1422 1317 1460 nesciam.
1455 1437 1521 1470 495

191 1487 347 1542 [sternly
379 1492 413 1525 lo
447 1484 544 1540 Do.]
583 1486 671 1525 Eho
710 1493 762 1533 tu,
811 1484 927 1524 emin'
977 1499 1051 1536 ego
1098 1487 1164 1525 te?
1221 1485 1312 1525 DO.
1369 1486 1522 1525 Emisti.

409 1552 488 1591 PY.
519 1553 628 1598 Iube,
659 1552 713 1589 mi
742 1552 870 1590 denuo

193 1613 457 1669 Respondeat.
515 1617 602 1655 PH.
653 1617 778 1667 Roga.
836 1616 916 1656 PY.
969 1616 1119 1655 Venisti
1166 1616 1280 1655 hodie
1327 1616 1377 1654 ad
1423 1618 1525 1656 nos?

411 1681 504 1735 [Do.
525 1682 653 1721 shakes
673 1683 730 1720 his
749 1680 873 1734 head]
905 1689 1030 1731 negat.

192 1750 244 1787 At
273 1749 334 1787 ille
364 1748 456 1786 alter
484 1749 586 1786 venit
615 1759 738 1785 annos
767 1754 881 1785 natus
911 1747 1090 1793 sedecim,

194 1814 323 1861 Quem
363 1825 494 1852 secum
532 1812 692 1851 adduxit
730 1812 935 1850 Parmeno.
993 1811 1081 1850 PH.
1131 1812 1324 1862 Agedum,
1361 1812 1434 1851 hoc
1472 1813 1525 1851 mi

410 1878 549 1928 expedi

194 1945 391 1983 Primum:
432 1944 556 1989 istam,
586 1955 705 1994 quam
733 1943 863 1989 habeS,
892 1942 995 1981 unde
1024 1943 1143 1982 habes
1171 1944 1345 1982 vestem?
1382 1945 1514 1982 taces?

194 2007 392 2062 [fier-cely]
459 2007 683 2046 Monstrum
746 2008 926 2053 hominis,
972 2016 1072 2046 'non
1145 2006 1354 2047 dicturu's?
1438 2008 1527 2048 DO.

412 2071 672 2126 [slammerz'ng
690 2071 959 2126 wz'thfrrgrhl]
989 2072 1105 2111 Venit
1135 2071 1322 2112 Chaerea.
1462 2090 1522 2121 501

197 2138 283 2177 PH.
322 2139 528 2176 Fraterne?
585 2138 674 2176 DO.
713 2138 783 2176 Ita.
854 2137 942 2175 PH.
986 2137 1187 2185 Quando?
1243 2137 1334 2178 DO.
1382 2137 1525 2178 Hodie.

413 2203 498 2241 PH.
530 2202 662 2249 Quam
691 2203 869 2241 dudum?
926 2202 1016 2241 DO.
1046 2203 1182 2242 Modo.
