1548 2500
99 95 150 122 sc.
172 96 215 122 111
637 79 894 119 FAMVLVS
1380 85 1428 119 35

101 187 190 226 PH.
219 186 420 235 Quicum?
476 184 565 225 DO.
591 185 691 224 Cum
713 184 964 223 Parmenone.
1023 183 1109 223 PH.
1141 182 1431 238 [suspzkzbusly]

317 252 493 291 Norasne
523 263 612 289 eum
641 251 774 301 prius?

100 315 190 355 DO.
220 314 325 353 Non.
383 313 469 352 PH.
501 314 615 352 Vnde
649 313 802 352 fratrem
842 325 973 351 meum
1011 324 1095 352 esse
1133 313 1284 351 scibas?
1341 312 1431 352 DO.
1509 289 1513 291 λ

317 380 510 418 Parmeno

98 446 264 485 Dicebat
292 458 382 485 eum
410 457 519 483 esse:
559 445 591 483 is
621 444 711 482 mihi
742 444 845 483 dedit
875 444 985 482 hanc.
1044 443 1132 482 PH.
1162 443 1308 482 Occidi.
1367 460 1430 492 505

98 511 188 550 DO.
219 510 353 549 Meam
381 511 462 560 ipse
491 510 637 548 induit:
677 516 766 560 post
795 522 872 548 una
901 510 1017 548 ambo
1045 509 1219 547 abierunt
1249 509 1362 547 foras.

98 575 180 614 PY.
212 573 533 629 [triumphant-ly]
564 575 648 613 Iam
679 575 768 612 satis
798 575 920 614 credis
959 575 1126 614 sobriam
1168 586 1251 613 esse
1288 586 1363 621 me,
1394 582 1431 613 et

316 641 369 678 nil
399 641 601 678 mentitam
630 640 728 678 tibi?

98 707 182 745 Iam
239 707 329 745 satis
384 712 532 744 certum
587 705 632 743 'st
688 705 872 754 virginem
931 704 1020 743 hinc
1082 704 1248 743 ablatam
1315 707 1430 743 esse?

317 771 403 809 PH.
432 771 518 821 Age
548 783 662 818 nunc,
691 770 815 816 belua,

99 837 234 876 Credis
263 837 352 875 huic
380 835 487 887 quod
522 836 651 874 dicat?
710 834 790 873 PY.
830 833 940 888 [with
968 833 1199 888 assurance]
1238 835 1344 882 Quid
1373 837 1432 874 isti

316 901 502 941 credam?
533 914 592 939 res
621 902 704 951 ipsa
732 900 886 940 indicat.

101 967 188 1006 PH.
229 965 376 1020 [ἄνατος
404 966 479 1006 Do.
508 964 640 1019 asida]
665 966 849 1005 Concede
872 967 967 1005 istuc
997 966 1207 1017 paululum.
1260 965 1431 1006 Audin'?

316 1032 430 1070 etiam
460 1044 561 1070 nunc
590 1031 759 1082 paulum.
819 1031 884 1070 Sat
913 1039 980 1070 est.
1368 1047 1433 1079 510

101 1098 172 1136 Dic
220 1097 313 1135 dum
361 1097 435 1136 hoc
485 1109 661 1143 rursum;
711 1096 881 1135 Chaerea
931 1104 1035 1135 tuam
1084 1104 1225 1135 vestem
1269 1097 1432 1135 detraxit

315 1162 408 1200 tibi?

102 1226 191 1266 DO.
237 1226 408 1265 Factum.
467 1225 551 1265 PH.
596 1226 645 1264 Et
686 1238 731 1264 ea
779 1233 835 1265 est
879 1226 1064 1265 indutus?
1123 1226 1212 1266 DO.
1262 1227 1432 1266 Factum.

316 1291 404 1329 PH.
433 1290 483 1330 Et
507 1303 577 1341 pro
607 1299 643 1330 te
671 1291 747 1330 huc
777 1291 1018 1330 deductu'st?
1076 1291 1166 1331 Do.
1198 1292 1267 1330 Ita.

100 1356 187 1395 PH.
229 1354 424 1409 [shouting
462 1358 501 1394 in
530 1357 731 1406 pretended
759 1354 909 1409 angen]
948 1355 1118 1407 Iuppiter
1166 1359 1325 1407 magne!
1395 1357 1431 1395 O

316 1421 533 1467 scelestum,
609 1428 724 1471 atque
793 1421 981 1459 audacem
1053 1421 1275 1460 hominem!
1350 1420 1430 1460 PY.

316 1483 535 1539 [alarmed]
591 1485 675 1524 Vae
703 1485 820 1524 mihi!

97 1551 226 1588 Etiam
256 1562 336 1588 non
365 1550 498 1589 credas
527 1551 694 1600 indignis
724 1563 796 1589 nos
827 1563 910 1589 esse
939 1551 1065 1589 irrisas
1093 1551 1243 1589 modis?

98 1615 187 1654 PH.
236 1615 393 1661 Mirum,
442 1616 480 1652 ni
529 1615 652 1654 credis
700 1616 806 1666 quod
852 1616 922 1654 iste
961 1616 1074 1654 dicat.
1135 1613 1287 1668 [asida]
1328 1616 1431 1663 Quid

312 1692 438 1729 agam,
468 1681 610 1719 nescio.
1371 1696 1431 1728 515

97 1740 347 1798 [whisperz'ng
366 1750 399 1783 lo
419 1742 516 1797 Do.]
547 1745 658 1783 Heus
674 1758 684 1791 ς
724 1751 865 1794 negato
893 1756 1057 1783 rursum.
1114 1745 1330 1784 Possumne
1359 1758 1433 1795 ego

314 1810 429 1849 hodie
458 1822 505 1848 ex
535 1817 571 1848 te
602 1810 824 1860 exsculpere

97 1874 274 1914 Verum?
331 1874 504 1913 vidistine
542 1875 696 1914 fratrem
733 1874 975 1914 Chaeream?
1032 1874 1122 1914 DO.
1181 1874 1285 1914 Non.
1343 1875 1430 1914 PH.

314 1939 406 1978 Non
435 1946 560 1990 potest

99 2004 189 2042 Sine
209 2003 312 2043 malo
331 2004 449 2050 fateri,
470 2004 592 2043 video.
650 2003 836 2058 [pushing
854 2002 954 2057 Do.]
978 2004 1144 2056 Sequere
1165 2005 1250 2044 hac.
1310 2004 1434 2044 Modo

313 2069 376 2114 ait,
401 2070 519 2108 modo
547 2077 674 2120 negat.

97 2131 218 2186 [assde
236 2139 269 2172 lo
290 2132 389 2186 Do.]
420 2134 499 2173 Ora
529 2146 603 2173 me.
662 2135 751 2174 DO.
810 2135 985 2174 Obsecro
1016 2144 1052 2173 te
1091 2147 1190 2181 vero,
1233 2135 1431 2174 Phaedria.

316 2198 410 2259 PH.
435 2198 452 2236 I
483 2199 581 2238 intro
611 2200 806 2238 nunciam.

729 2283 792 2309 C2
