1611 2543
222 82 272 117 50
721 79 760 116 Ρ.
805 77 1056 117 TERENTI
1435 90 1508 117 Aer
1529 91 1552 114 v

221 182 446 235 Numquam
467 182 531 233 pol
551 181 751 220 hominem
771 181 983 221 stultiorem
1004 181 1091 228 vidi,
1113 193 1183 220 nec
1205 181 1353 220 videbo.
1382 181 1455 228 Ah,
1488 186 1554 229 7⁶0

221 248 313 288 Non
344 260 504 300 possum
535 248 624 288 satis
654 259 808 286 narrare
837 259 936 297 quos
965 246 1077 285 ludos
1106 246 1324 296 praebueris
1355 246 1469 284 intus.

221 313 299 352 PA.
332 314 448 359 Hem,
484 313 577 364 quid
615 312 755 359 dixisti,
795 313 1003 362 pessuma?
1043 324 1092 350 an
1132 312 1291 350 mentita
1330 312 1397 350 es?
1437 311 1553 350 etiam

436 379 560 417 rides?

222 444 316 483 Itan'
356 444 526 495 lepidum
566 443 634 482 tibi
674 444 796 481 visum
837 453 904 489 est,
947 443 1081 489 scelus,
1123 454 1194 481 nos
1233 442 1413 481 irridere?
1474 441 1555 481 PY.

438 506 664 561 [overeome]
696 507 883 546 Nimium.

221 575 298 614 PA.
332 568 532 625 Siquidem
554 574 649 612 istuc
669 574 828 623 impune
849 572 1081 612 habueris—
1139 571 1218 611 PY.
1241 572 1415 611 Verum?
1473 573 1553 612 PA.

439 639 616 679 Reddam
645 639 784 678 hercle.
841 638 920 677 PY.
951 638 1104 678 Credo:

222 706 298 746 Sed
326 707 364 744 in
395 705 497 745 diem
517 706 625 751 istuc,
647 706 851 752 Parmeno,
873 711 930 743 est
958 704 1132 751 fortasse,
1153 704 1259 755 quod
1288 703 1457 743 minare:
1490 710 1552 753 765

221 772 285 810 Tu
315 772 391 810 iam
420 771 618 823 pendebis,
648 771 711 821 qui
742 770 899 808 stultum
930 770 1259 809 adulescentulum
1288 770 1468 809 nobilitas

220 838 400 888 Flagitiis,
430 845 467 876 et
496 837 664 875 eundem
693 836 862 874 indicas:
902 843 1060 886 uterque
1090 837 1129 873 in
1158 843 1194 874 te
1223 835 1400 886 exempla
1429 835 1553 874 edent.

220 904 298 942 PA.
337 900 582 956 [miserabha]
622 901 761 940 Nullus
800 913 897 940 sum.
958 900 1036 939 PY.
1066 902 1144 940 Hic
1182 913 1253 952 pro
1292 901 1356 940 illo
1394 913 1553 940 munere

435 969 502 1007 tibi
532 967 656 1007 honos
684 974 741 1006 est
771 967 934 1006 habitus.
991 967 1115 1005 Abeo.
1185 964 1313 1020 [Exit
1338 964 1553 1019 laughing]

220 1034 297 1073 PA.
327 1032 542 1087 [ruefully]
582 1033 750 1084 Egomet
789 1045 878 1072 meo
921 1032 1066 1071 indicio
1109 1033 1235 1079 miser,
1276 1033 1386 1084 quasi
1428 1045 1552 1078 soreX‚

435 1099 548 1139 hodie
578 1100 680 1150 perii.
1396 1095 1553 1151 [Exit]

692 1266 950 1310 SCAENA
990 1266 1054 1309 VI
1062 1266 1081 1307 1

610 1374 863 1414 GNATHO.
918 1374 1149 1413 THRASO

424 1461 564 1516 [Enter
593 1462 757 1503 THRAso
785 1462 994 1512 creslfallen
1022 1462 1114 1501 with
1141 1459 1348 1515 GNATH0.]

218 1551 309 1590 GN.
338 1552 443 1599 Quid
472 1552 601 1590 nunc?
640 1564 717 1602 qua
737 1563 814 1601 spe,
836 1558 900 1590 aut
929 1563 1008 1602 quo
1030 1551 1189 1590 consilio
1209 1551 1284 1590 huc
1305 1551 1432 1590 imus?
1461 1550 1554 1602 quid

435 1624 603 1668 coeptas,
635 1616 815 1655 Thraso?
1491 1629 1554 1666 770

219 1683 313 1722 TH.
342 1681 507 1733 Egone?
545 1689 586 1721 ut
614 1682 760 1722 Thai'di
790 1695 853 1721 me
873 1681 1026 1730 dedam,
1047 1690 1084 1720 et
1109 1682 1249 1721 faciam
1278 1681 1384 1732 quod
1412 1682 1552 1722 iubeat.

436 1747 525 1787 GN.
556 1748 661 1795 Quid
689 1749 774 1787 est?

220 1813 314 1853 TH.
345 1814 424 1861 Qui
453 1814 593 1861 minus,
623 1826 741 1864 quam
773 1812 962 1852 Hercules
985 1813 1134 1853 servivit
1162 1812 1405 1865 Omphalae?
1461 1812 1553 1853 GN.

434 1879 668 1930 Exemplum
694 1879 828 1930 placet.

219 1940 371 1997 [asida]
401 1943 559 1983 Vtinam
589 1945 655 1983 tibi
684 1945 942 1995 commitigari
970 1944 1122 1983 videam
1151 1944 1326 1984 sandalio
1355 1946 1494 1996 caput!

221 2009 298 2047 Sed
326 2009 427 2049 fores
456 2017 688 2061 crepuerunt
716 2011 766 2050 ab
796 2023 851 2050 ea.
908 2009 1003 2049 TH.
1033 2010 1152 2049 Perii:
1192 2010 1286 2062 quid
1313 2010 1388 2049 hoc
1422 2017 1552 2050 autem

434 2073 482 2114 'st
509 2076 625 2115 mali?

221 2138 339 2178 Hunc
360 2152 434 2190 ego
452 2152 667 2193 numquam
687 2140 856 2181 videram
877 2141 1003 2180 etiam.
1033 2140 1231 2189 Quidnam
1260 2140 1321 2180 hic
1340 2152 1552 2193 properans

435 2207 607 2257 prosilit?
1487 2219 1549 2257 775
