1548 2500
89 75 141 101 sc.
163 75 175 100 1
626 62 882 100 FAMVLVS
1371 68 1419 104 27

91 165 316 216 Numquam
346 166 414 203 tibi
444 166 549 204 dixi?
607 165 697 204 GN.
726 165 974 217 Numquam3
1006 168 1072 206 sed
1100 180 1218 215 narra,
1247 170 1420 208 obsecro.

90 231 181 269 Plus
210 231 332 270 milies
361 231 497 269 audivi.
556 229 709 284 [asida]
741 231 834 270 TH.
866 232 956 272 Vna
985 234 1023 270 in
1055 235 1231 272 convivio

89 295 183 334 Erat
211 295 286 343 hic,
315 308 431 345 quern
460 296 557 342 dieo,
588 296 764 335 Rhodius
793 296 1108 336 adulescentulus.

91 361 254 411 Peplum
282 360 503 408 trahebam;
542 362 667 411 coepit
697 361 745 399 ad
775 362 813 399 id
842 361 1019 408 alludere,

88 425 139 464 Et
182 438 244 464 me
288 426 453 464 irridere.
511 423 705 478 [shoulz'ng
733 425 917 479 fiercely]
960 427 1088 474 ‘Quid
1131 426 1208 474 ais,’
1249 428 1419 479 inquam,

308 492 448 530 ‘homo
477 492 704 542 impudens?
1356 509 1419 541 345

89 555 305 606 Vulpecula
335 569 375 595 es
404 557 486 607 ipse
516 564 552 594 et
581 557 724 595 invides
755 558 807 594 mi
836 558 1029 596 caudam?
1087 558 1175 597 GN.
1207 559 1355 597 Hahae.

91 620 185 659 TH.
234 618 346 674 [with
393 623 564 659 assumed
602 620 801 675 surprise]
846 622 952 669 Quid
997 625 1078 662 est?
1136 623 1225 662 GN.
1270 624 1419 669 Facete,

305 687 440 737 lepide,
470 687 582 733 laute,
613 687 665 724 nil
695 700 818 737 supra.

89 751 285 797 Tuomne,
316 753 476 790 obsecro
507 759 556 797 te,
587 752 661 791 hoc
691 752 832 790 dictum
863 754 973 791 erat?
1014 760 1120 791 vetus
1149 754 1301 793 credidi.

91 816 183 856 TH.
223 817 438 855 Audieras?
496 816 585 855 GN.
627 817 774 867 Saepe5
826 826 861 856 et
898 818 1012 857 fertur
1051 819 1087 855 in
1127 820 1269 869 primis.
1327 818 1420 857 TH.

307 882 443 921 Meum
474 882 529 920 'st.

90 948 178 987 GN.
209 948 325 987 Dolet
356 949 501 986 dictum
531 948 762 999 imprudenti
794 948 1040 996 adulescenti,
1072 957 1107 988 et
1139 951 1267 988 libero.
1359 966 1422 1000 350

90 1014 167 1052 PA.
213 1014 264 1051 At
307 1021 343 1051 te
387 1014 424 1050 di
468 1014 640 1064 perdant.
699 1013 788 1051 GN.
835 1013 941 1060 Quid
980 1015 1053 1059 ille,
1094 1018 1268 1066 quaeso?
1327 1016 1421 1055 TH.

307 1081 502 1119 Perditus:

90 1146 186 1184 Risu
215 1158 364 1192 omnes,
394 1146 458 1195 qui
488 1145 653 1191 aderant,
685 1145 859 1184 emoriri:
901 1146 1068 1196 denique

90 1210 314 1250 Metuebant
343 1223 479 1250 omnes
508 1211 583 1248 iam
615 1223 687 1249 me.
746 1210 834 1248 GN.
867 1211 957 1249 Non
986 1212 1130 1250 iniuria,

584 1455 840 1497 SCAENA
886 1456 929 1496 II

91 1579 274 1618 THAIS.
307 1578 548 1617 THRASO.
579 1578 864 1616 PARMENO.
898 1578 1150 1616 GNATHO.
1183 1578 1421 1617 PYTHIAS

177 1732 179 1734 ,
217 1687 356 1742 [Enter
385 1689 511 1727 Tum
524 1689 636 1739 from
668 1689 734 1725 her
763 1688 894 1726 house:
931 1688 992 1724 she
1021 1687 1116 1725 looks
1145 1686 1294 1739 round]

90 1799 221 1837 THA.
252 1798 395 1836 Audire
426 1810 561 1836 vocem
590 1799 669 1836 visa
699 1810 784 1836 sum
814 1798 931 1836 modo
962 1798 1107 1835 militis:

88 1865 215 1914 Atque
244 1875 390 1902 eccum.
450 1863 572 1909 Salve,
602 1864 655 1900 mi
685 1862 849 1901 Thraso.
908 1862 1042 1901 THR.
1075 1860 1263 1914 [running
1293 1868 1326 1900 lo
1355 1863 1422 1900 lter

303 1929 393 1966 wz'llz
423 1926 609 1981 effusion]
641 1928 676 1967 O
707 1928 832 1966 Tha'ss
862 1940 958 1973 mea,
1360 1944 1421 1976 355

91 1993 226 2032 Meum
247 1994 405 2039 savium,
436 1993 526 2043 quid
556 1994 706 2042 agitur?
746 1992 884 2043 ecquid
914 2004 986 2030 nos
1015 2005 1122 2030 amas

89 2060 149 2097 De
170 2059 323 2098 fidicina
343 2060 462 2097 istac?
495 2059 573 2096 PA.
598 2056 1077 2111 [asz'de‚contempluousgv.]
1103 2058 1231 2104 Quam
1246 2061 1422 2097 venuste!

303 2125 409 2175 quod
438 2124 541 2163 dedit

89 2190 321 2240 Principium
352 2189 580 2228 adveniens!
622 2189 752 2227 THA.
786 2190 995 2227 Plurimum
1026 2189 1160 2227 merito
1190 2196 1265 2226 tuo.
